@article{levine2016end,
  title={End-to-end training of deep visuomotor policies},
  author={Levine, Sergey and Finn, Chelsea and Darrell, Trevor and Abbeel, Pieter},
  journal={The Journal of Machine Learning Research},
  volume={17},
  number={1},
  pages={1334--1373},
  year={2016},
  publisher={JMLR. org}
}

@article{hubel1959receptive,
  title     = {Receptive fields of single neurones in the cat's striate cortex},
  author    = {Hubel, David H and Wiesel, Torsten N},
  journal   = {The Journal of physiology},
  volume    = {148},
  number    = {3},
  pages     = {574--591},
  year      = {1959},
  publisher = {Wiley Online Library}
}
@article{dropout,
  title     = {Dropout: a simple way to prevent neural networks from overfitting},
  author    = {Srivastava, Nitish and Hinton, Geoffrey and Krizhevsky, Alex and Sutskever, Ilya and Salakhutdinov, Ruslan},
  journal   = {The journal of machine learning research},
  volume    = {15},
  number    = {1},
  pages     = {1929--1958},
  year      = {2014},
  publisher = {JMLR. org}
}

@article{rumelhart1986learning,
  title     = {Learning representations by back-propagating errors},
  author    = {Rumelhart, David E and Hinton, Geoffrey E and Williams, Ronald J},
  journal   = {nature},
  volume    = {323},
  number    = {6088},
  pages     = {533--536},
  year      = {1986},
  publisher = {Nature Publishing Group}
}

@article{gpu-nn,
  title    = {GPU implementation of neural networks},
  journal  = {Pattern Recognition},
  volume   = {37},
  number   = {6},
  pages    = {1311-1314},
  year     = {2004},
  issn     = {0031-3203},
  doi      = {https://doi.org/10.1016/j.patcog.2004.01.013},
  url      = {https://www.sciencedirect.com/science/article/pii/S0031320304000524},
  author   = {Kyoung-Su Oh and Keechul Jung},
  keywords = {Graphics processing unit(GPU), Neural network(NN), Multi-layer perceptron, Text detection},
  abstract = {Graphics processing unit (GPU) is used for a faster artificial neural network. It is used to implement the matrix multiplication of a neural network to enhance the time performance of a text detection system. Preliminary results produced a 20-fold performance enhancement using an ATI RADEON 9700 PRO board. The parallelism of a GPU is fully utilized by accumulating a lot of input feature vectors and weight vectors, then converting the many inner-product operations into one matrix operation. Further research areas include benchmarking the performance with various hardware and GPU-aware learning algorithms.}
}

@article{salimans2017evolution,
  title   = {Evolution strategies as a scalable alternative to reinforcement learning},
  author  = {Salimans, Tim and Ho, Jonathan and Chen, Xi and Sidor, Szymon and Sutskever, Ilya},
  journal = {arXiv preprint arXiv:1703.03864},
  year    = {2017}
}
@inproceedings{glorot2011deep,
  title        = {Deep sparse rectifier neural networks},
  author       = {Glorot, Xavier and Bordes, Antoine and Bengio, Yoshua},
  booktitle    = {Proceedings of the fourteenth international conference on artificial intelligence and statistics},
  pages        = {315--323},
  year         = {2011},
  organization = {JMLR Workshop and Conference Proceedings}
}

@article{narain2012adaptive,
  title     = {Adaptive anisotropic remeshing for cloth simulation},
  author    = {Narain, Rahul and Samii, Armin and O'brien, James F},
  journal   = {ACM transactions on graphics (TOG)},
  volume    = {31},
  number    = {6},
  pages     = {1--10},
  year      = {2012},
  publisher = {ACM New York, NY, USA}
}

@article{rios2020,
  author   = {Arriola-Rios, Veronica E. and Guler, Puren and Ficuciello, Fanny and Kragic, Danica and Siciliano, Bruno and Wyatt, Jeremy L.},
  title    = {Modeling of Deformable Objects for Robotic Manipulation: A Tutorial and Review},
  journal  = {Frontiers in Robotics and AI},
  volume   = {7},
  pages    = {82},
  year     = {2020},
  url      = {https://www.frontiersin.org/article/10.3389/frobt.2020.00082},
  doi      = {10.3389/frobt.2020.00082},
  issn     = {2296-9144},
  abstract = {Manipulation of deformable objects has given rise to an important set of open problems in the field of robotics. Application areas include robotic surgery, household robotics, manufacturing, logistics, and agriculture, to name a few. Related research problems span modeling and estimation of an object's shape, estimation of an object's material properties, such as elasticity and plasticity, object tracking and state estimation during manipulation, and manipulation planning and control. In this survey article, we start by providing a tutorial on foundational aspects of models of shape and shape dynamics. We then use this as the basis for a review of existing work on learning and estimation of these models and on motion planning and control to achieve desired deformations. We also discuss potential future lines of work.}
}
@article{Cremers2006,
  title     = {Dynamical statistical shape priors for level set-based tracking},
  author    = {Cremers, Daniel},
  journal   = {IEEE Transactions on Pattern Analysis and Machine Intelligence},
  volume    = {28},
  number    = {8},
  pages     = {1262--1273},
  year      = {2006},
  publisher = {IEEE}
}
@article{Degrave2019,
  author   = {Degrave, Jonas and Hermans, Michiel and Dambre, Joni and wyffels, Francis},
  title    = {A Differentiable Physics Engine for Deep Learning in Robotics},
  journal  = {Frontiers in Neurorobotics},
  volume   = {13},
  pages    = {6},
  year     = {2019},
  url      = {https://www.frontiersin.org/article/10.3389/fnbot.2019.00006},
  doi      = {10.3389/fnbot.2019.00006},
  issn     = {1662-5218},
  abstract = {An important field in robotics is the optimization of controllers. Currently, robots are often treated as a black box in this optimization process, which is the reason why derivative-free optimization methods such as evolutionary algorithms or reinforcement learning are omnipresent. When gradient-based methods are used, models are kept small or rely on finite difference approximations for the Jacobian. This method quickly grows expensive with increasing numbers of parameters, such as found in deep learning. We propose the implementation of a modern physics engine, which can differentiate control parameters. This engine is implemented for both CPU and GPU. Firstly, this paper shows how such an engine speeds up the optimization process, even for small problems. Furthermore, it explains why this is an alternative approach to deep Q-learning, for using deep learning in robotics. Finally, we argue that this is a big step for deep learning in robotics, as it opens up new possibilities to optimize robots, both in hardware and software.}
}

@inproceedings{liang2019differentiable,
  title     = {Differentiable Cloth Simulation for Inverse Problems},
  author    = {Junbang Liang and Ming C. Lin and Vladlen Koltun},
  booktitle = {Conference on Neural Information Processing Systems (NeurIPS)},
  year      = {2019}
}

@article{huang2021plasticinelab,
  title   = {PlasticineLab: A Soft-Body Manipulation Benchmark with Differentiable Physics},
  author  = {Huang, Zhiao and Hu, Yuanming and Du, Tao and Zhou, Siyuan and Su, Hao and Tenenbaum, Joshua B and Gan, Chuang},
  journal = {arXiv preprint arXiv:2104.03311},
  year    = {2021}
}


@article{dedo,
  title  = {Dynamic Environments with Deformable Objects},
  author = {Antonova, Rika and Shi, Peiyang and Yin, Hang and Weng, Zehang and Jensfelt, Danica Kragic},
  year   = {2021}
}

@misc{pybullet,
  title  = {Pybullet, a python module for physics simulation in robotics, games and machine learning},
  author = {Coumans, Erwin and Bai, Yunfei},
  year   = {2017}
}
@inproceedings{mujoco,
  author    = {Todorov, Emanuel and Erez, Tom and Tassa, Yuval},
  booktitle = {2012 IEEE/RSJ International Conference on Intelligent Robots and Systems},
  title     = {MuJoCo: A physics engine for model-based control},
  year      = {2012},
  volume    = {},
  number    = {},
  pages     = {5026-5033},
  doi       = {10.1109/IROS.2012.6386109}
}

@inproceedings{softgym,
  title     = {SoftGym: Benchmarking Deep Reinforcement Learning for Deformable Object Manipulation},
  author    = {Lin, Xingyu and Wang, Yufei and Olkin, Jake and Held, David},
  booktitle = {Conference on Robot Learning},
  year      = {2020}
}


@inproceedings{gazebo,
  author    = {Nathan Koenig and Andrew Howard},
  title     = {Design and Use Paradigms for Gazebo, An Open-Source Multi-Robot Simulator},
  booktitle = {IEEE/RSJ International Conference on Intelligent Robots and Systems},
  pages     = {2149-2154},
  address   = {Sendai, Japan},
  month     = {Sep},
  year      = {2004}
}

@inproceedings{DeepFashion,
  author    = {Liu, Ziwei and Luo, Ping and Qiu, Shi and Wang, Xiaogang and Tang, Xiaoou},
  booktitle = {2016 IEEE Conference on Computer Vision and Pattern Recognition (CVPR)},
  title     = {DeepFashion: Powering Robust Clothes Recognition and Retrieval with Rich Annotations},
  year      = {2016},
  volume    = {},
  number    = {},
  pages     = {1096-1104},
  doi       = {10.1109/CVPR.2016.124}
}

@inproceedings{FashionAI,
  author    = {Zou, Xingxing and Kong, Xiangheng and Wong, Waikeung and Wang, Congde and Liu, Yuguang and Cao, Yang},
  booktitle = {2019 IEEE/CVF Conference on Computer Vision and Pattern Recognition Workshops (CVPRW)},
  title     = {FashionAI: A Hierarchical Dataset for Fashion Understanding},
  year      = {2019},
  volume    = {},
  number    = {},
  pages     = {296-304},
  doi       = {10.1109/CVPRW.2019.00039}
}

@inproceedings{DeepFashion2,
  author    = {Ge, Yuying and Zhang, Ruimao and Wang, Xiaogang and Tang, Xiaoou and Luo, Ping},
  booktitle = {2019 IEEE/CVF Conference on Computer Vision and Pattern Recognition (CVPR)},
  title     = {DeepFashion2: A Versatile Benchmark for Detection, Pose Estimation, Segmentation and Re-Identification of Clothing Images},
  year      = {2019},
  volume    = {},
  number    = {},
  pages     = {5332-5340},
  doi       = {10.1109/CVPR.2019.00548}
}

@article{fashionmnist,
  title   = {Fashion-mnist: a novel image dataset for benchmarking machine learning algorithms},
  author  = {Xiao, Han and Rasul, Kashif and Vollgraf, Roland},
  journal = {arXiv preprint arXiv:1708.07747},
  year    = {2017}
}

@inproceedings{deepfashion3d,
  title        = {Deep Fashion3D: A dataset and benchmark for 3D garment reconstruction from single images},
  author       = {Zhu, Heming and Cao, Yu and Jin, Hang and Chen, Weikai and Du, Dong and Wang, Zhangye and Cui, Shuguang and Han, Xiaoguang},
  booktitle    = {European Conference on Computer Vision},
  pages        = {512--530},
  year         = {2020},
  organization = {Springer}
}

@inproceedings{bertiche2020cloth3d,
  title        = {CLOTH3D: Clothed 3D Humans},
  author       = {Bertiche, Hugo and Madadi, Meysam and Escalera, Sergio},
  booktitle    = {European Conference on Computer Vision},
  pages        = {344--359},
  year         = {2020},
  organization = {Springer}
}
@article{Wang20183dgarment,
  author     = {Wang, Tuanfeng Y. and Ceylan, Duygu and Popovi\'{c}, Jovan and Mitra, Niloy J.},
  title      = {Learning a Shared Shape Space for Multimodal Garment Design},
  year       = {2018},
  issue_date = {November 2018},
  publisher  = {Association for Computing Machinery},
  address    = {New York, NY, USA},
  volume     = {37},
  number     = {6},
  issn       = {0730-0301},
  url        = {https://doi.org/10.1145/3272127.3275074},
  doi        = {10.1145/3272127.3275074},
  abstract   = {Designing real and virtual garments is becoming extremely demanding with rapidly changing
fashion trends and increasing need for synthesizing realisticly dressed digital humans
for various applications. This necessitates creating simple and effective workflows
to facilitate authoring sewing patterns customized to garment and target body shapes
to achieve desired looks. Traditional workflow involves a trial-and-error procedure
wherein a mannequin is draped to judge the resultant folds and the sewing pattern
iteratively adjusted until the desired look is achieved. This requires time and experience.
Instead, we present a data-driven approach wherein the user directly indicates desired
fold patterns simply by sketching while our system estimates corresponding garment
and body shape parameters at interactive rates. The recovered parameters can then
be further edited and the updated draped garment previewed. Technically, we achieve
this via a novel shared shape space that allows the user to seamlessly specify desired
characteristics across multimodal input without requiring to run garment simulation
at design time. We evaluate our approach qualitatively via a user study and quantitatively
against test datasets, and demonstrate how our system can generate a rich quality
of on-body garments targeted for a range of body shapes while achieving desired fold
characteristics. Code and data are available at our project webpage.},
  journal    = {ACM Trans. Graph.},
  month      = dec,
  articleno  = {203},
  numpages   = {13},
  keywords   = {multimodal input, latent representation, interactive design, shared shape space, garment design}
}

@inproceedings{redmon2015real,
  title        = {Real-time grasp detection using convolutional neural networks},
  author       = {Redmon, Joseph and Angelova, Anelia},
  booktitle    = {2015 IEEE International Conference on Robotics and Automation (ICRA)},
  pages        = {1316--1322},
  year         = {2015},
  organization = {IEEE}
}

@inproceedings{depierre2018jacquard,
  title        = {Jacquard: A large scale dataset for robotic grasp detection},
  author       = {Depierre, Amaury and Dellandr{\'e}a, Emmanuel and Chen, Liming},
  booktitle    = {2018 IEEE/RSJ International Conference on Intelligent Robots and Systems (IROS)},
  pages        = {3511--3516},
  year         = {2018},
  organization = {IEEE}
}

@article{dasari2019robonet,
  title   = {Robonet: Large-scale multi-robot learning},
  author  = {Dasari, Sudeep and Ebert, Frederik and Tian, Stephen and Nair, Suraj and Bucher, Bernadette and Schmeckpeper, Karl and Singh, Siddharth and Levine, Sergey and Finn, Chelsea},
  journal = {arXiv preprint arXiv:1910.11215},
  year    = {2019}
}

@inproceedings{mandlekar2018roboturk,
  title        = {Roboturk: A crowdsourcing platform for robotic skill learning through imitation},
  author       = {Mandlekar, Ajay and Zhu, Yuke and Garg, Animesh and Booher, Jonathan and Spero, Max and Tung, Albert and Gao, Julian and Emmons, John and Gupta, Anchit and Orbay, Emre and others},
  booktitle    = {Conference on Robot Learning},
  pages        = {879--893},
  year         = {2018},
  organization = {PMLR}
}

@inproceedings{Posner2017,
  title     = {Workshop on Acting and Interacting in the Real World:
Challenges in Robot Learning},
  booktitle = {Neural Information Processing Systems (NeurIPS)},
  author    = {Ingmar Posner and Raia Hadsell and Martin Riedmiller and Markus Wulfmeier and Rohan Paul},
  year      = {2017}
}

@inproceedings{CitekeyInproceedings,
  author    = {Holleis, Paul and Wagner, Matthias and Koolwaaij, Johan},
  title     = {Studying mobile context-aware social services in the wild},
  booktitle = {Proc. of the 6th Nordic Conf. on Human-Computer Interaction},
  series    = {NordiCHI},
  year      = 2010,
  pages     = {207--216},
  publisher = {ACM},
  address   = {New York, NY}
}

@misc{angelova2017computer,
  title     = { Workshop on Deep Learning in Robotic Vision},
  booktitle = {Computer Vision and Pattern Recognition (CVPR)},
  author    = {Angelova, Anelia and Carneiro, Gustavo and Murphy, Kevin and S{\"u}nderhauf, Niko and Leitner, J{\"u}rgen and Lenz, Ian and Pham, Trung T and Kumar, Vijay and Posner, Ingmar and Milford, Michael and others},
  year      = {2017}
}



@article{Sunderhauf2018,
  author   = {Niko Sünderhauf and Oliver Brock and Walter Scheirer and Raia Hadsell and Dieter Fox and Jürgen Leitner and Ben Upcroft and Pieter Abbeel and Wolfram Burgard and Michael Milford and Peter Corke},
  title    = {The limits and potentials of deep learning for robotics},
  journal  = {The International Journal of Robotics Research},
  volume   = {37},
  number   = {4-5},
  pages    = {405-420},
  year     = {2018},
  doi      = {10.1177/0278364918770733},
  url      = { 
        https://doi.org/10.1177/0278364918770733
    
},
  eprint   = { 
        https://doi.org/10.1177/0278364918770733
    
},
  abstract = { The application of deep learning in robotics leads to very specific problems and research questions that are typically not addressed by the computer vision and machine learning communities. In this paper we discuss a number of robotics-specific learning, reasoning, and embodiment challenges for deep learning. We explain the need for better evaluation metrics, highlight the importance and unique challenges for deep robotic learning in simulation, and explore the spectrum between purely data-driven and model-driven approaches. We hope this paper provides a motivating overview of important research directions to overcome the current limitations, and helps to fulfill the promising potentials of deep learning in robotics. }
}


@inproceedings{chen2020simple,
  title        = {A simple framework for contrastive learning of visual representations},
  author       = {Chen, Ting and Kornblith, Simon and Norouzi, Mohammad and Hinton, Geoffrey},
  booktitle    = {International conference on machine learning},
  pages        = {1597--1607},
  year         = {2020},
  organization = {PMLR}
}
@inproceedings{mikolov2013distributed,
  title     = {Distributed representations of words and phrases and their compositionality},
  author    = {Mikolov, Tomas and Sutskever, Ilya and Chen, Kai and Corrado, Greg S and Dean, Jeff},
  booktitle = {Advances in neural information processing systems},
  pages     = {3111--3119},
  year      = {2013}
}

@article{goodfellow2014generative,
  title   = {Generative adversarial nets},
  author  = {Goodfellow, Ian and Pouget-Abadie, Jean and Mirza, Mehdi and Xu, Bing and Warde-Farley, David and Ozair, Sherjil and Courville, Aaron and Bengio, Yoshua},
  journal = {Advances in neural information processing systems},
  volume  = {27},
  year    = {2014}
}

@article{Mengyuan2020,
  author  = {Yan, Mengyuan and Zhu, Yilin and Jin, Ning and Bohg, Jeannette},
  journal = {IEEE Robotics and Automation Letters},
  title   = {Self-Supervised Learning of State Estimation for Manipulating Deformable Linear Objects},
  year    = {2020},
  volume  = {5},
  number  = {2},
  pages   = {2372-2379},
  doi     = {10.1109/LRA.2020.2969931}
}

@inproceedings{fabric_vsf_2020,
  author    = {Ryan Hoque and Daniel Seita and Ashwin Balakrishna and Aditya Ganapathi and Ajay Tanwani and Nawid Jamali and Katsu Yamane and Soshi Iba and Ken Goldberg},
  title     = {{VisuoSpatial Foresight for Multi-Step, Multi-Task Fabric Manipulation}},
  booktitle = {Robotics: Science and Systems (RSS)},
  year      = {2020}
}

@article{yan2020learning,
  title   = {Learning predictive representations for deformable objects using contrastive estimation},
  author  = {Yan, Wilson and Vangipuram, Ashwin and Abbeel, Pieter and Pinto, Lerrel},
  journal = {arXiv preprint arXiv:2003.05436},
  year    = {2020}
}

@article{oord2018representation,
  title   = {Representation learning with contrastive predictive coding},
  author  = {Oord, Aaron van den and Li, Yazhe and Vinyals, Oriol},
  journal = {arXiv preprint arXiv:1807.03748},
  year    = {2018}
}

@inproceedings{vaswani2017attention,
  title     = {Attention is all you need},
  author    = {Vaswani, Ashish and Shazeer, Noam and Parmar, Niki and Uszkoreit, Jakob and Jones, Llion and Gomez, Aidan N and Kaiser, {\L}ukasz and Polosukhin, Illia},
  booktitle = {Advances in neural information processing systems},
  pages     = {5998--6008},
  year      = {2017}
}

@article{mehrabi2021survey,
  title     = {A survey on bias and fairness in machine learning},
  author    = {Mehrabi, Ninareh and Morstatter, Fred and Saxena, Nripsuta and Lerman, Kristina and Galstyan, Aram},
  journal   = {ACM Computing Surveys (CSUR)},
  volume    = {54},
  number    = {6},
  pages     = {1--35},
  year      = {2021},
  publisher = {ACM New York, NY, USA}
}

@article{James2016,
  title   = {3d simulation for robot arm control with deep q-learning},
  author  = {James, Stephen and Johns, Edward},
  journal = {arXiv preprint arXiv:1609.03759},
  year    = {2016}
}

@inproceedings{Matas2018,
  title     = {Sim-to-Real Reinforcement Learning for Deformable Object Manipulation},
  author    = {Matas, Jan and James, Stephen and Davison, Andrew J.},
  booktitle = {Proceedings of The 2nd Conference on Robot Learning},
  pages     = {734--743},
  year      = {2018},
  editor    = {Billard, Aude and Dragan, Anca and Peters, Jan and Morimoto, Jun},
  volume    = {87},
  series    = {Proceedings of Machine Learning Research},
  month     = {29--31 Oct},
  publisher = {PMLR},
  pdf       = {http://proceedings.mlr.press/v87/matas18a/matas18a.pdf},
  url       = {https://proceedings.mlr.press/v87/matas18a.html},
  abstract  = {We have seen much recent progress in rigid object manipulation, but interaction with deformable objects has notably lagged behind. Due to the large configuration space of deformable objects, solutions using traditional modelling approaches require significant engineering work. Perhaps then, bypassing the need for explicit modelling and instead learning the control in an end-to-end manner serves as a better approach? Despite the growing interest in the use of end-to-end robot learning approaches, only a small amount of work has focused on their applicability to deformable object manipulation. Moreover, due to the large amount of data needed to learn these end-to-end solutions, an emerging trend is to learn control policies in simulation and then transfer them over to the real world. To date, no work has explored whether it is possible to learn and transfer deformable object policies. We believe that if sim-to-real methods are to be employed further, then it should be possible to learn to interact with a wide variety of objects, and not only rigid objects. In this work, we use a combination of state-of-the-art deep reinforcement learning algorithms to solve the problem of manipulating deformable objects (specifically cloth). We evaluate our approach on three tasks—folding a towel up to a mark, folding a face towel diagonally, and draping a piece of cloth over a hanger. Our agents are fully trained in simulation with domain randomisation, and then successfully deployed in the real world without having seen any real deformable objects.}
}


@misc{Wu2020,
  title         = {Learning to Manipulate Deformable Objects without Demonstrations},
  author        = {Yilin Wu and Wilson Yan and Thanard Kurutach and Lerrel Pinto and Pieter Abbeel},
  year          = {2020},
  eprint        = {1910.13439},
  archiveprefix = {arXiv},
  primaryclass  = {cs.RO}
}

@misc{lee2020learning,
  title         = {Learning Arbitrary-Goal Fabric Folding with One Hour of Real Robot Experience},
  author        = {Robert Lee and Daniel Ward and Akansel Cosgun and Vibhavari Dasagi and Peter Corke and Jurgen Leitner},
  year          = {2020},
  eprint        = {2010.03209},
  archiveprefix = {arXiv},
  primaryclass  = {cs.RO}
}

@article{Tsurumine2019,
  title    = {Deep reinforcement learning with smooth policy update: Application to robotic cloth manipulation},
  journal  = {Robotics and Autonomous Systems},
  volume   = {112},
  pages    = {72-83},
  year     = {2019},
  issn     = {0921-8890},
  doi      = {https://doi.org/10.1016/j.robot.2018.11.004},
  url      = {https://www.sciencedirect.com/science/article/pii/S0921889018303245},
  author   = {Yoshihisa Tsurumine and Yunduan Cui and Eiji Uchibe and Takamitsu Matsubara},
  keywords = {Deep reinforcement learning, Robotic cloth manipulation, Dynamic policy programming}
}

@misc{seita2021learning,
  title         = {Learning to Rearrange Deformable Cables, Fabrics, and Bags with Goal-Conditioned Transporter Networks},
  author        = {Daniel Seita and Pete Florence and Jonathan Tompson and Erwin Coumans and Vikas Sindhwani and Ken Goldberg and Andy Zeng},
  year          = {2021},
  eprint        = {2012.03385},
  archiveprefix = {arXiv},
  primaryclass  = {cs.RO}
}

@inproceedings{Jangir2020,
  title        = {Dynamic cloth manipulation with deep reinforcement learning},
  author       = {Jangir, Rishabh and Aleny{\`a}, Guillem and Torras, Carme},
  booktitle    = {2020 IEEE International Conference on Robotics and Automation (ICRA)},
  pages        = {4630--4636},
  year         = {2020},
  organization = {IEEE}
}
@article{Ebert2018,
  title   = {Visual foresight: Model-based deep reinforcement learning for vision-based robotic control},
  author  = {Ebert, Frederik and Finn, Chelsea and Dasari, Sudeep and Xie, Annie and Lee, Alex and Levine, Sergey},
  journal = {arXiv preprint arXiv:1812.00568},
  year    = {2018}
}
@inproceedings{Gu2017,
  title        = {Deep reinforcement learning for robotic manipulation with asynchronous off-policy updates},
  author       = {Gu, Shixiang and Holly, Ethan and Lillicrap, Timothy and Levine, Sergey},
  booktitle    = {2017 IEEE international conference on robotics and automation (ICRA)},
  pages        = {3389--3396},
  year         = {2017},
  organization = {IEEE}
}
@article{Lillicrap2015,
  title   = {Continuous control with deep reinforcement learning},
  author  = {Lillicrap, Timothy P and Hunt, Jonathan J and Pritzel, Alexander and Heess, Nicolas and Erez, Tom and Tassa, Yuval and Silver, David and Wierstra, Daan},
  journal = {arXiv preprint arXiv:1509.02971},
  year    = {2015}
}
@article{Zhang2015,
  title   = {Towards vision-based deep reinforcement learning for robotic motion control},
  author  = {Zhang, Fangyi and Leitner, J{\"u}rgen and Milford, Michael and Upcroft, Ben and Corke, Peter},
  journal = {arXiv preprint arXiv:1511.03791},
  year    = {2015}
}

@inproceedings{Levine2015,
  author    = {Sergey Levine and
               Nolan Wagener and
               Pieter Abbeel},
  title     = {Learning contact-rich manipulation skills with guided policy search},
  booktitle = {{IEEE} International Conference on Robotics and Automation, {ICRA}
               2015, Seattle, WA, USA, 26-30 May, 2015},
  pages     = {156--163},
  publisher = {{IEEE}},
  year      = {2015},
  url       = {https://doi.org/10.1109/ICRA.2015.7138994},
  doi       = {10.1109/ICRA.2015.7138994},
  timestamp = {Wed, 16 Oct 2019 14:14:51 +0200},
  biburl    = {https://dblp.org/rec/conf/icra/LevineWA15.bib},
  bibsource = {dblp computer science bibliography, https://dblp.org}
}

@article{Howard2000,
  title     = {Intelligent learning for deformable object manipulation},
  author    = {Howard, Ayanna M and Bekey, George A},
  journal   = {Autonomous Robots},
  volume    = {9},
  number    = {1},
  pages     = {51--58},
  year      = {2000},
  publisher = {Springer}
}

@inproceedings{Khalil2007,
  title        = {Robotic interaction with deformable objects under vision and tactile guidance-a review},
  author       = {Khalil, Fouad F and Payeur, Pierre},
  booktitle    = {2007 International Workshop on Robotic and Sensors Environments},
  pages        = {1--6},
  year         = {2007},
  organization = {IEEE}
}

@article{Krizhevsky2012,
  title   = {Imagenet classification with deep convolutional neural networks},
  author  = {Krizhevsky, Alex and Sutskever, Ilya and Hinton, Geoffrey E},
  journal = {Advances in neural information processing systems},
  volume  = {25},
  pages   = {1097--1105},
  year    = {2012}
}

@inproceedings{Nair2017,
  title        = {Combining self-supervised learning and imitation for vision-based rope manipulation},
  author       = {Nair, Ashvin and Chen, Dian and Agrawal, Pulkit and Isola, Phillip and Abbeel, Pieter and Malik, Jitendra and Levine, Sergey},
  booktitle    = {2017 IEEE international conference on robotics and automation (ICRA)},
  pages        = {2146--2153},
  year         = {2017},
  organization = {IEEE}
}
@article{Yang2016,
  title     = {Repeatable folding task by humanoid robot worker using deep learning},
  author    = {Yang, Pin-Chu and Sasaki, Kazuma and Suzuki, Kanata and Kase, Kei and Sugano, Shigeki and Ogata, Tetsuya},
  journal   = {IEEE Robotics and Automation Letters},
  volume    = {2},
  number    = {2},
  pages     = {397--403},
  year      = {2016},
  publisher = {Ieee}
}
@article{Li2018,
  title   = {Learning particle dynamics for manipulating rigid bodies, deformable objects, and fluids},
  author  = {Li, Yunzhu and Wu, Jiajun and Tedrake, Russ and Tenenbaum, Joshua B and Torralba, Antonio},
  journal = {arXiv preprint arXiv:1810.01566},
  year    = {2018}
}
@article{Mrowca2018,
  title   = {Flexible neural representation for physics prediction},
  author  = {Mrowca, Damian and Zhuang, Chengxu and Wang, Elias and Haber, Nick and Fei-Fei, Li and Tenenbaum, Joshua B and Yamins, Daniel LK},
  journal = {arXiv preprint arXiv:1806.08047},
  year    = {2018}
}
@inproceedings{finn2017one,
  title        = {One-shot visual imitation learning via meta-learning},
  author       = {Finn, Chelsea and Yu, Tianhe and Zhang, Tianhao and Abbeel, Pieter and Levine, Sergey},
  booktitle    = {Conference on Robot Learning},
  pages        = {357--368},
  year         = {2017},
  organization = {PMLR}
}

@article{Duan2017,
  title   = {One-shot imitation learning},
  author  = {Duan, Yan and Andrychowicz, Marcin and Stadie, Bradly C and Ho, Jonathan and Schneider, Jonas and Sutskever, Ilya and Abbeel, Pieter and Zaremba, Wojciech},
  journal = {arXiv preprint arXiv:1703.07326},
  year    = {2017}
}

@article{Ravichandar2020,
  title     = {Recent advances in robot learning from demonstration},
  author    = {Ravichandar, Harish and Polydoros, Athanasios S and Chernova, Sonia and Billard, Aude},
  journal   = {Annual Review of Control, Robotics, and Autonomous Systems},
  volume    = {3},
  pages     = {297--330},
  year      = {2020},
  publisher = {Annual Reviews}
}

@inproceedings{Zhang2018,
  author    = {Zhang, Tianhao and McCarthy, Zoe and Jow, Owen and Lee, Dennis and Chen, Xi and Goldberg, Ken and Abbeel, Pieter},
  booktitle = {2018 IEEE International Conference on Robotics and Automation (ICRA)},
  title     = {Deep Imitation Learning for Complex Manipulation Tasks from Virtual Reality Teleoperation},
  year      = {2018},
  volume    = {},
  number    = {},
  pages     = {5628-5635},
  doi       = {10.1109/ICRA.2018.8461249}
}

@inproceedings{Seita2020,
  author    = {Daniel Seita and Aditya Ganapathi and Ryan Hoque and Minho Hwang and Edward Cen and Ajay Kumar Tanwani and Ashwin Balakrishna and Brijen Thananjeyan and Jeffrey Ichnowski and Nawid Jamali and Katsu Yamane and Soshi Iba and John Canny and Ken Goldberg},
  title     = {{Deep Imitation Learning of Sequential Fabric Smoothing From an Algorithmic Supervisor}},
  booktitle = {IEEE/RSJ International Conference on Intelligent Robots and Systems (IROS)},
  year      = {2020}
}

@inproceedings{Sundaresan2020,
  title        = {Learning rope manipulation policies using dense object descriptors trained on synthetic depth data},
  author       = {Sundaresan, Priya and Grannen, Jennifer and Thananjeyan, Brijen and Balakrishna, Ashwin and Laskey, Michael and Stone, Kevin and Gonzalez, Joseph E and Goldberg, Ken},
  booktitle    = {2020 IEEE International Conference on Robotics and Automation (ICRA)},
  pages        = {9411--9418},
  year         = {2020},
  organization = {IEEE}
}

@article{Saxena2008,
  title     = {Robotic grasping of novel objects using vision},
  author    = {Saxena, Ashutosh and Driemeyer, Justin and Ng, Andrew Y},
  journal   = {The International Journal of Robotics Research},
  volume    = {27},
  number    = {2},
  pages     = {157--173},
  year      = {2008},
  publisher = {Sage Publications Sage UK: London, England}
}

@inproceedings{pinto2016supersizing,
  title        = {Supersizing self-supervision: Learning to grasp from 50k tries and 700 robot hours},
  author       = {Pinto, Lerrel and Gupta, Abhinav},
  booktitle    = {2016 IEEE international conference on robotics and automation (ICRA)},
  pages        = {3406--3413},
  year         = {2016},
  organization = {IEEE}
}


@incollection{Schulman2016learning,
  title     = {Learning from demonstrations through the use of non-rigid registration},
  author    = {Schulman, John and Ho, Jonathan and Lee, Cameron and Abbeel, Pieter},
  booktitle = {Robotics Research},
  pages     = {339--354},
  year      = {2016},
  publisher = {Springer}
}

@article{RANSAC,
  title     = {Random sample consensus: a paradigm for model fitting with applications to image analysis and automated cartography},
  author    = {Fischler, Martin A and Bolles, Robert C},
  journal   = {Communications of the ACM},
  volume    = {24},
  number    = {6},
  pages     = {381--395},
  year      = {1981},
  publisher = {ACM New York, NY, USA}
}

@article{Chui2003,
  title     = {A new point matching algorithm for non-rigid registration},
  author    = {Chui, Haili and Rangarajan, Anand},
  journal   = {Computer Vision and Image Understanding},
  volume    = {89},
  number    = {2-3},
  pages     = {114--141},
  year      = {2003},
  publisher = {Elsevier}
}

@inproceedings{Morita2003,
  author    = {Morita, T. and Takamatsu, J. and Ogawara, K. and Kimura, H. and Ikeuchi, K.},
  booktitle = {2003 IEEE International Conference on Robotics and Automation (Cat. No.03CH37422)},
  title     = {Knot planning from observation},
  year      = {2003},
  volume    = {3},
  number    = {},
  pages     = {3887-3892 vol.3},
  doi       = {10.1109/ROBOT.2003.1242193}
}



@article{Jia2019,
  title     = {Cloth manipulation using random-forest-based imitation learning},
  author    = {Jia, Biao and Pan, Zherong and Hu, Zhe and Pan, Jia and Manocha, Dinesh},
  journal   = {IEEE Robotics and Automation Letters},
  volume    = {4},
  number    = {2},
  pages     = {2086--2093},
  year      = {2019},
  publisher = {IEEE}
}

@inproceedings{Cusumano2011,
  author    = {Cusumano-Towner, Marco and Singh, Arjun and Miller, Stephen and O'Brien, James F. and Abbeel, Pieter},
  booktitle = {2011 IEEE International Conference on Robotics and Automation},
  title     = {Bringing clothing into desired configurations with limited perception},
  year      = {2011},
  volume    = {},
  number    = {},
  pages     = {3893-3900},
  doi       = {10.1109/ICRA.2011.5980327}
}


@inproceedings{Wang2011,
  author    = {Wang, Ping Chuan and Miller, Stephen and Fritz, Mario and Darrell, Trevor and Abbeel, Pieter},
  booktitle = {2011 IEEE/RSJ International Conference on Intelligent Robots and Systems},
  title     = {Perception for the manipulation of socks},
  year      = {2011},
  volume    = {},
  number    = {},
  pages     = {4877-4884},
  doi       = {10.1109/IROS.2011.6095013}
}


@article{Kohonen1982,
  title     = {Self-organized formation of topologically correct feature maps},
  author    = {Kohonen, Teuvo},
  journal   = {Biological cybernetics},
  volume    = {43},
  number    = {1},
  pages     = {59--69},
  year      = {1982},
  publisher = {Springer}
}


@inproceedings{Ramisa2012,
  author    = {Ramisa, Arnau and Alenyà, Guillem and Moreno-Noguer, Francesc and Torras, Carme},
  booktitle = {2012 IEEE International Conference on Robotics and Automation},
  title     = {Using depth and appearance features for informed robot grasping of highly wrinkled clothes},
  year      = {2012},
  volume    = {},
  number    = {},
  pages     = {1703-1708},
  doi       = {10.1109/ICRA.2012.6225045}
}


@article{dexnet4,
  title     = {Learning ambidextrous robot grasping policies},
  author    = {Mahler, Jeffrey and Matl, Matthew and Satish, Vishal and Danielczuk, Michael and DeRose, Bill and McKinley, Stephen and Goldberg, Ken},
  journal   = {Science Robotics},
  volume    = {4},
  number    = {26},
  pages     = {eaau4984},
  year      = {2019},
  publisher = {AAAS}
}

@article{dexnet3,
  title     = {Dex-Net 2.0: Deep Learning to Plan Robust Grasps with Synthetic Point Clouds and Analytic Grasp Metrics},
  author    = {Mahler, Jeffrey and Liang, Jacky and Niyaz, Sherdil and Laskey, Michael and Doan, Richard and Liu, Xinyu and Ojea, Juan Aparicio and Goldberg, Ken},
  booktitle = {Robotics: Science and Systems (RSS)},
  year      = {2017}
}

@article{dexnet2,
  title     = {Dex-Net 2.0: Deep Learning to Plan Robust Grasps with Synthetic Point Clouds and Analytic Grasp Metrics},
  author    = {Mahler, Jeffrey and Liang, Jacky and Niyaz, Sherdil and Laskey, Michael and Doan, Richard and Liu, Xinyu and Ojea, Juan Aparicio and Goldberg, Ken},
  booktitle = {Robotics: Science and Systems (RSS)},
  year      = {2017}
}

@article{Satish2019,
  title     = {On-policy dataset synthesis for learning robot grasping policies using fully convolutional deep networks},
  author    = {Satish, Vishal and Mahler, Jeffrey and Goldberg, Ken},
  journal   = {IEEE Robotics and Automation Letters},
  volume    = {4},
  number    = {2},
  pages     = {1357--1364},
  year      = {2019},
  publisher = {IEEE}
}


@book{CEM,
  author    = {Rubinstein, Reuven Y. and Kroese, Dirk P.},
  title     = {The Cross Entropy Method: A Unified Approach To Combinatorial Optimization, Monte-Carlo Simulation (Information Science and Statistics)},
  year      = {2004},
  isbn      = {038721240X},
  publisher = {Springer-Verlag},
  address   = {Berlin, Heidelberg}
}


@article{Kingma2014,
  title   = {Adam: A method for stochastic optimization},
  author  = {Kingma, Diederik P and Ba, Jimmy},
  journal = {arXiv preprint arXiv:1412.6980},
  year    = {2014}
}

@book{Murphy2012,
  title     = {Machine Learning: A Probabilistic Perspective},
  author    = {Kevin P. Murphy},
  publisher = {The MIT Press},
  isbn      = {0262018020,9780262018029},
  year      = {2012},
  series    = {Adaptive Computation and Machine Learning},
  edition   = {1},
  volume    = {},
  url       = {http://gen.lib.rus.ec/book/index.php?md5=8ECFEEB2E1F9A19C770FBA1FF85FA566}
}

@book{Hastie2001,
  added-at  = {2008-05-16T16:17:42.000+0200},
  address   = {New York, NY, USA},
  author    = {Hastie, Trevor and Tibshirani, Robert and Friedman, Jerome},
  biburl    = {https://www.bibsonomy.org/bibtex/2f58afc5c9793fcc8ad8389824e57984c/sb3000},
  interhash = {d585aea274f2b9b228fc1629bc273644},
  intrahash = {f58afc5c9793fcc8ad8389824e57984c},
  keywords  = {ml statistics},
  publisher = {Springer New York Inc.},
  series    = {Springer Series in Statistics},
  timestamp = {2008-05-16T16:17:43.000+0200},
  title     = {The Elements of Statistical Learning},
  year      = 2001
}




@article{Bishop2006,
  title   = {Pattern recognition},
  author  = {Bishop, Christopher M},
  journal = {Machine learning},
  volume  = {128},
  number  = {9},
  year    = {2006}
}

@book{Goodfellow2016,
  title     = {Deep Learning},
  author    = {Ian J. Goodfellow and Yoshua Bengio and Aaron Courville},
  publisher = {MIT Press},
  year      = {2016},
  address   = {Cambridge, MA, USA},
  note      = {\url{http://www.deeplearningbook.org}}
}

@book{Sutton2018,
  title     = {Reinforcement learning: An introduction},
  author    = {Sutton, Richard S and Barto, Andrew G},
  year      = {2018},
  publisher = {MIT press}
}

@article{Kazerooni2005,
  author  = {Kazerooni, H. and Foley, C.},
  journal = {IEEE Transactions on Automation Science and Engineering},
  title   = {A robotic mechanism for grasping sacks},
  year    = {2005},
  volume  = {2},
  number  = {2},
  pages   = {111-120},
  doi     = {10.1109/TASE.2005.844630}
}

@inproceedings{Klingbeil2011,
  author    = {Klingbeil, Ellen and Rao, Deepak and Carpenter, Blake and Ganapathi, Varun and Ng, Andrew Y. and Khatib, Oussama},
  booktitle = {2011 IEEE International Conference on Robotics and Automation},
  title     = {Grasping with application to an autonomous checkout robot},
  year      = {2011},
  volume    = {},
  number    = {},
  pages     = {2837-2844},
  doi       = {10.1109/ICRA.2011.5980287}
}

@inproceedings{Kirchheim2008,
  title        = {Automatic unloading of heavy sacks from containers},
  author       = {Kirchheim, Alice and Burwinkel, Matthias and Echelmeyer, Wolfgang},
  booktitle    = {2008 IEEE International Conference on Automation and Logistics},
  pages        = {946--951},
  year         = {2008},
  organization = {IEEE}
}

@article{Balkcom2008,
  author  = {Devin J. Balkcom and Matthew T. Mason},
  title   = {Robotic origami folding},
  journal = {The International Journal of Robotics Research},
  volume  = {27},
  number  = {5},
  pages   = {613-627},
  year    = {2008},
  doi     = {10.1177/0278364908090235},
  url     = { 
        https://doi.org/10.1177/0278364908090235
    
},
  eprint  = { 
        https://doi.org/10.1177/0278364908090235
    
}
}

@inproceedings{Liang1999,
  author    = {Liang Lu and Akella, S.},
  booktitle = {Proceedings 1999 IEEE International Conference on Robotics and Automation (Cat. No.99CH36288C)},
  title     = {Folding cartons with fixtures: a motion planning approach},
  year      = {1999},
  volume    = {2},
  number    = {},
  pages     = {1570-1576 vol.2},
  doi       = {10.1109/ROBOT.1999.772583}
}

@article{Liu2003,
  title     = {An approach to carton-folding trajectory planning using dual robotic fingers},
  author    = {Liu, Honghai and Dai, Jian},
  journal   = {Robotics and Autonomous Systems},
  volume    = {42},
  number    = {1},
  pages     = {47--63},
  year      = {2003},
  publisher = {Elsevier}
}


@article{Aomura2002,
  title     = {Optimized bending sequences of sheet metal bending by robot},
  author    = {Aomura, Shigeru and Koguchi, Atsushi},
  journal   = {Robotics and Computer-Integrated Manufacturing},
  volume    = {18},
  number    = {1},
  pages     = {29--39},
  year      = {2002},
  publisher = {Elsevier}
}

@inproceedings{Elbrechter2012,
  author    = {Elbrechter, Christof and Haschke, Robert and Ritter, Helge},
  booktitle = {2012 12th IEEE-RAS International Conference on Humanoid Robots (Humanoids 2012)},
  title     = {Folding paper with anthropomorphic robot hands using real-time physics-based modeling},
  year      = {2012},
  volume    = {},
  number    = {},
  pages     = {210-215},
  doi       = {10.1109/HUMANOIDS.2012.6651522}
}

@inproceedings{Ramisa2012,
  author    = {Ramisa, Arnau and Alenyà, Guillem and Moreno-Noguer, Francesc and Torras, Carme},
  booktitle = {2012 IEEE International Conference on Robotics and Automation},
  title     = {Using depth and appearance features for informed robot grasping of highly wrinkled clothes},
  year      = {2012},
  volume    = {},
  number    = {},
  pages     = {1703-1708},
  doi       = {10.1109/ICRA.2012.6225045}
}

@inproceedings{Monso2012,
  title        = {Pomdp approach to robotized clothes separation},
  author       = {Mons{\'o}, Pol and Aleny{\`a}, Guillem and Torras, Carme},
  booktitle    = {2012 IEEE/RSJ International Conference on Intelligent Robots and Systems},
  pages        = {1324--1329},
  year         = {2012},
  organization = {IEEE}
}

@inproceedings{Willimon2011,
  author    = {Willimon, Bryan and Birchfield, Stan and Walker, Ian},
  booktitle = {2011 IEEE/RSJ International Conference on Intelligent Robots and Systems},
  title     = {Model for unfolding laundry using interactive perception},
  year      = {2011},
  volume    = {},
  number    = {},
  pages     = {4871-4876},
  doi       = {10.1109/IROS.2011.6095066}
}

@inproceedings{Kita2002,
  author    = {Kita, Y. and Kita, N.},
  booktitle = {Sixth IEEE Workshop on Applications of Computer Vision, 2002. (WACV 2002). Proceedings.},
  title     = {A model-driven method of estimating the state of clothes for manipulating it},
  year      = {2002},
  volume    = {},
  number    = {},
  pages     = {63-69},
  doi       = {10.1109/ACV.2002.1182158}
}

@inproceedings{Li2014,
  author    = {Li, Yinxiao and Chen, Chih-Fan and Allen, Peter K.},
  booktitle = {2014 IEEE International Conference on Robotics and Automation (ICRA)},
  title     = {Recognition of deformable object category and pose},
  year      = {2014},
  volume    = {},
  number    = {},
  pages     = {5558-5564},
  doi       = {10.1109/ICRA.2014.6907676}
}

@inproceedings{li2014volum,
  title        = {Real-time pose estimation of deformable objects using a volumetric approach},
  author       = {Li, Yinxiao and Wang, Yan and Case, Michael and Chang, Shih-Fu and Allen, Peter K},
  booktitle    = {2014 IEEE/RSJ International Conference on Intelligent Robots and Systems},
  pages        = {1046--1052},
  year         = {2014},
  organization = {IEEE}
}

@inproceedings{Bersch2011,
  author    = {Bersch, Christian and Pitzer, Benjamin and Kammel, Sören},
  booktitle = {2011 IEEE/RSJ International Conference on Intelligent Robots and Systems},
  title     = {Bimanual robotic cloth manipulation for laundry folding},
  year      = {2011},
  volume    = {},
  number    = {},
  pages     = {1413-1419},
  doi       = {10.1109/IROS.2011.6095109}
}

@article{Hamajima1998,
  title   = {Planning Strategy for Task Untangling Laundry - Isolating Clothes from a Washed Mass -},
  author  = {K. Hamajima and M. Kakikura},
  journal = {J. Robotics Mechatronics},
  year    = {1998},
  volume  = {10},
  pages   = {244-251}
}

@inproceedings{Sun2015,
  author    = {Sun, Li and Aragon-Camarasa, Gerardo and Rogers, Simon and Siebert, J. Paul},
  booktitle = {2015 IEEE International Conference on Robotics and Automation (ICRA)},
  title     = {Accurate garment surface analysis using an active stereo robot head with application to dual-arm flattening},
  year      = {2015},
  volume    = {},
  number    = {},
  pages     = {185-192},
  doi       = {10.1109/ICRA.2015.7138998}
}

@inproceedings{Berg2010,
  author  = {van den Berg, Jur and Miller, Stephen and Goldberg, Kenneth and Abbeel, Pieter},
  year    = {2010},
  month   = {01},
  pages   = {409-424},
  title   = {Gravity-Based Robotic Cloth Folding},
  volume  = {68},
  isbn    = {978-3-642-17451-3},
  journal = {Springer Tracts in Advanced Robotics},
  doi     = {10.1007/978-3-642-17452-0_24}
}

@article{Miller2012,
  author  = {Stephen Miller and Jur van den Berg and Mario Fritz and Trevor Darrell and Ken Goldberg and Pieter Abbeel},
  title   = {A geometric approach to robotic laundry folding},
  journal = {The International Journal of Robotics Research},
  volume  = {31},
  number  = {2},
  pages   = {249-267},
  year    = {2012},
  doi     = {10.1177/0278364911430417},
  url     = { https://doi.org/10.1177/0278364911430417},
  eprint  = { https://doi.org/10.1177/0278364911430417
}
}

@inproceedings{Yamakawa2011,
  author    = {Yamakawa, Yuji and Namiki, Akio and Ishikawa, Masatoshi},
  booktitle = {2011 IEEE International Conference on Robotics and Automation},
  title     = {Motion planning for dynamic folding of a cloth with two high-speed robot hands and two high-speed sliders},
  year      = {2011},
  volume    = {},
  number    = {},
  pages     = {5486-5491},
  doi       = {10.1109/ICRA.2011.5979606}
}


@article{Petrik2017,
  author    = {Vladimír Petrík and Vladimír Smutný and Pavel Krsek and Václav Hlaváč},
  title     = {Single arm robotic garment folding path generation},
  journal   = {Advanced Robotics},
  volume    = {31},
  number    = {23-24},
  pages     = {1325-1337},
  year      = {2017},
  publisher = {Taylor & Francis},
  doi       = {10.1080/01691864.2017.1367325},
  url       = { 
        https://doi.org/10.1080/01691864.2017.1367325
    
},
  eprint    = { 
        https://doi.org/10.1080/01691864.2017.1367325
    
}
}
@article{Breiman2001,
  title     = {Random forests},
  author    = {Breiman, Leo},
  journal   = {Machine learning},
  volume    = {45},
  number    = {1},
  pages     = {5--32},
  year      = {2001},
  publisher = {Springer}
}

@inproceedings{Hamajima1996,
  author    = {Hamajima, K. and Kakikura, M.},
  booktitle = {Proceedings of the 35th SICE Annual Conference. International Session Papers},
  title     = {Planning strategy for unfolding task of clothes - isolation of clothes from washed mass},
  year      = {1996},
  volume    = {},
  number    = {},
  pages     = {1237-1242},
  doi       = {10.1109/SICE.1996.865443}
}

@article{Nair2013,
  title    = {Photovoltaic Powered T-Shirt Folding Machine},
  journal  = {Energy Procedia},
  volume   = {36},
  pages    = {313-322},
  year     = {2013},
  note     = {TerraGreen 13 International Conference 2013 - Advancements in Renewable Energy and Clean Environment},
  issn     = {1876-6102},
  doi      = {https://doi.org/10.1016/j.egypro.2013.07.036},
  url      = {https://www.sciencedirect.com/science/article/pii/S1876610213011223},
  author   = {N. Gomesh and I. Daut and V. Kumaran and M. Irwanto and Y.M. Irwan and M. Fitra},
  keywords = {Photovoltaic, T-Shirt, DC Motor, Microcontroller}
}

@article{Chua2003,
  title     = {Robotic manipulation of food products--a review},
  author    = {Chua, Ping Yong and Ilschner, T and Caldwell, Darwin G},
  journal   = {Industrial Robot: An International Journal},
  year      = {2003},
  publisher = {MCB UP Ltd}
}

@article{Sanchez2018,
  title     = {Robotic manipulation and sensing of deformable objects in domestic and industrial applications: a survey},
  author    = {Sanchez, Jose and Corrales, Juan-Antonio and Bouzgarrou, Belhassen-Chedli and Mezouar, Youcef},
  journal   = {The International Journal of Robotics Research},
  volume    = {37},
  number    = {7},
  pages     = {688--716},
  year      = {2018},
  publisher = {SAGE Publications Sage UK: London, England}
}

@inbook{Taylor2016,
  author    = {Taylor, Russell H.
and Menciassi, Arianna
and Fichtinger, Gabor
and Fiorini, Paolo
and Dario, Paolo},
  editor    = {Siciliano, Bruno
and Khatib, Oussama},
  title     = {Medical Robotics and Computer-Integrated Surgery},
  booktitle = {Springer Handbook of Robotics},
  year      = {2016},
  publisher = {Springer International Publishing},
  address   = {Cham},
  pages     = {1657--1684},
  isbn      = {978-3-319-32552-1},
  doi       = {10.1007/978-3-319-32552-1_63},
  url       = {https://doi.org/10.1007/978-3-319-32552-1_63}
}



@article{Jimenez2012,
  title     = {Survey on model-based manipulation planning of deformable objects},
  author    = {Jim{\'e}nez, P},
  journal   = {Robotics and computer-integrated manufacturing},
  volume    = {28},
  number    = {2},
  pages     = {154--163},
  year      = {2012},
  publisher = {Elsevier}
}

@article{Saadat2002,
  title     = {Industrial applications of automatic manipulation of flexible materials},
  author    = {Saadat, Mozafar and Nan, Ping},
  journal   = {Industrial Robot: An International Journal},
  year      = {2002},
  publisher = {MCB UP Ltd}
}

@book{Siciliano2008,
  title     = {Springer handbook of robotics},
  author    = {Siciliano, Bruno and Khatib, Oussama and Kr{\"o}ger, Torsten},
  volume    = {200},
  year      = {2008},
  publisher = {Springer}
}

@inproceedings{Mason1985,
  title  = {Robot Hands and the Mechanics of Manipulation},
  author = {M. T. Mason and J. Salisbury},
  year   = {1985}
}

@inproceedings{Bicchi2000,
  title        = {Robotic grasping and contact: A review},
  author       = {Bicchi, Antonio and Kumar, Vijay},
  booktitle    = {Proceedings 2000 ICRA. Millennium Conference. IEEE International Conference on Robotics and Automation. Symposia Proceedings (Cat. No. 00CH37065)},
  volume       = {1},
  pages        = {348--353},
  year         = {2000},
  organization = {IEEE}
}

@article{Hutchinson1996,
  author  = {Hutchinson, S. and Hager, G.D. and Corke, P.I.},
  journal = {IEEE Transactions on Robotics and Automation},
  title   = {A tutorial on visual servo control},
  year    = {1996},
  volume  = {12},
  number  = {5},
  pages   = {651-670},
  doi     = {10.1109/70.538972}
}

@inproceedings{Hill1979,
  title     = {Real time control of a robot with a mobile camera},
  author    = {Hill, John},
  booktitle = {9th Int. Symp. on Industrial Robots, 1979},
  pages     = {233--246},
  year      = {1979}
}

@book{Corke1996,
  title     = {Visual Control of Robots: high-performance visual servoing},
  author    = {Corke, Peter I and others},
  year      = {1996},
  publisher = {Research Studies Press Taunton, UK}
}


@incollection{Rizzi1993,
  title     = {Preliminary experiments in spatial robot juggling},
  author    = {Rizzi, Alfred A and Koditschek, Daniel E},
  booktitle = {Experimental Robotics II},
  pages     = {282--298},
  year      = {1993},
  publisher = {Springer}
}

@phdthesis{Andersson1987,
  author    = {Andersson, R. L.},
  title     = {Real Time Expert System to Control a Robot Ping-Pong Player},
  year      = {1987},
  publisher = {University of Pennsylvania},
  address   = {USA},
  note      = {UMI Order No. GAX87-14001}
}

@article{Harrell1989,
  title     = {A fruit-tracking system for robotic harvesting},
  author    = {Harrell, RC and Slaughter, DC and Adsit, Phillip D},
  journal   = {Machine Vision and Applications},
  volume    = {2},
  number    = {2},
  pages     = {69--80},
  year      = {1989},
  publisher = {Springer}
}

@article{Clocksin1985,
  author  = {W.F. Clocksin and J.S.E. Bromley and P.G. Davey and A.R. Vidler and C.G. Morgan},
  title   = {An Implementation of Model-Based Visual Feedback for Robot Arc Welding of Thin Sheet Steel},
  journal = {The International Journal of Robotics Research},
  volume  = {4},
  number  = {1},
  pages   = {13-26},
  year    = {1985},
  doi     = {10.1177/027836498500400102},
  url     = { 
        https://doi.org/10.1177/027836498500400102
    
},
  eprint  = { 
        https://doi.org/10.1177/027836498500400102
    
}
}
@article{Mochizuki1987,
  title     = {Unpositioned workpieces handling robot with visual and force sensors},
  author    = {Mochizuki, Jun and Takahashi, Michio and Hata, Seiji},
  journal   = {IEEE Transactions on Industrial Electronics},
  number    = {1},
  pages     = {1--4},
  year      = {1987},
  publisher = {IEEE}
}

@article{Dickmanns1988,
  title     = {Applications of dynamic monocular machine vision},
  author    = {Dickmanns, Ernst Dieter and Graefe, Volker},
  journal   = {Machine vision and Applications},
  volume    = {1},
  number    = {4},
  pages     = {241--261},
  year      = {1988},
  publisher = {Springer}
}

@article{Bicchi1995,
  author  = {Antonio Bicchi},
  title   = {On the Closure Properties of Robotic Grasping},
  journal = {The International Journal of Robotics Research},
  volume  = {14},
  number  = {4},
  pages   = {319-334},
  year    = {1995},
  doi     = {10.1177/027836499501400402},
  url     = { 
        https://doi.org/10.1177/027836499501400402
    
},
  eprint  = { 
        https://doi.org/10.1177/027836499501400402
    
}
}

@article{Nguyen1988,
  author  = {Van-Duc Nguyen},
  title   = {Constructing Force- Closure Grasps},
  journal = {The International Journal of Robotics Research},
  volume  = {7},
  number  = {3},
  pages   = {3-16},
  year    = {1988},
  doi     = {10.1177/027836498800700301},
  url     = { https://doi.org/10.1177/027836498800700301},
  eprint  = { https://doi.org/10.1177/027836498800700301}
}


@article{Inaba1987,
  author    = { Masayuki   Inaba  and  Hirochika   Inoue },
  title     = {Rope handling by a robot with visual feedback},
  journal   = {Advanced Robotics},
  volume    = {2},
  number    = {1},
  pages     = {39-54},
  year      = {1987},
  publisher = {Taylor & Francis},
  doi       = {10.1163/156855387X00057},
  url       = { https://doi.org/10.1163/156855387X00057},
  eprint    = { https://doi.org/10.1163/156855387X00057}
}

@article{Remde1999,
  author = {Axel Remde and Dominik Henrich and Heinz W{\"o}rn},
  title  = {Picking-up deformable linear objects with industrial robots},
  year   = {1999},
  url    = {http://nbn-resolving.de/urn:nbn:de:hbz:386-kluedo-9550}
}

@article{Saha2007,
  author  = {Saha, Mitul and Isto, Pekka},
  journal = {IEEE Transactions on Robotics},
  title   = {Manipulation Planning for Deformable Linear Objects},
  year    = {2007},
  volume  = {23},
  number  = {6},
  pages   = {1141-1150},
  doi     = {10.1109/TRO.2007.907486}
}

@inproceedings{Vinh2012,
  author    = {Vinh, Trinh Van and Tomizawa, Tetsuo and Kudoh, Shunsuke and Suehiro, Takashi},
  booktitle = {2012 IEEE International Conference on Robotics and Automation},
  title     = {A new strategy for making a knot with a general-purpose arm},
  year      = {2012},
  volume    = {},
  number    = {},
  pages     = {2217-2222},
  doi       = {10.1109/ICRA.2012.6224852}
}

@inproceedings{Yamakawa2008,
  author    = {Yamakawa, Yuji and Namiki, Akio and Ishikawa, Masatoshi and Shimojo, Makoto},
  booktitle = {2008 IEEE/RSJ International Conference on Intelligent Robots and Systems},
  title     = {Knotting manipulation of a flexible rope by a multifingered hand system based on skill synthesis},
  year      = {2008},
  volume    = {},
  number    = {},
  pages     = {2691-2696},
  doi       = {10.1109/IROS.2008.4650802}
}


@misc{ADN8831,
  date-added    = {2017-06-02 13:25:24 +0000},
  date-modified = {2017-06-02 13:25:46 +0000},
  howpublished  = {Datasheet},
  title         = {Thermoelectric Cooler (TEC) Controller},
  url           = {http://www.analog.com/media/en/technical-documentation/data-sheets/ADN8831.pdf},
  year          = {2012}
}

@misc{NCP3065,
  date-added    = {2017-06-02 13:24:19 +0000},
  date-modified = {2017-06-02 13:25:08 +0000},
  howpublished  = {Datasheet},
  title         = {NCP3065, NCV3065: Up to 1.5 A Constant Current Switching Regulator for LEDs},
  url           = {https://www.onsemi.com/pub/Collateral/NCP3065.PDF},
  year          = {2009}
}

@misc{LTC1659,
  date-added    = {2017-06-02 13:21:55 +0000},
  date-modified = {2017-06-02 13:22:54 +0000},
  howpublished  = {Datasheet},
  title         = {LTC1659 12-Bit Rail-to-Rail Micropower DAC in MSOP Package},
  url           = {http://cds.linear.com/docs/en/datasheet/1659fa.pdf},
  year          = {1997}
}

@misc{LMH6629,
  date-added    = {2017-06-02 12:30:28 +0000},
  date-modified = {2017-06-02 12:30:50 +0000},
  howpublished  = {Datasheet},
  title         = {LMH6629 Ultra-Low Noise, High-Speed Operational Amplifier with Shutdown},
  url           = {http://www.ti.com/lit/ds/symlink/lmh6629.pdf},
  year          = {2014}
}

@misc{LT6200,
  date-added    = {2017-06-02 12:28:16 +0000},
  date-modified = {2017-06-02 12:29:15 +0000},
  howpublished  = {Datasheet},
  title         = {LT6200/LT6200-5 and LT6200-10/LT6201},
  url           = {http://cds.linear.com/docs/en/datasheet/62001ff.pdf},
  year          = {2002}
}

@misc{LT6230,
  date-added    = {2017-06-02 12:25:54 +0000},
  date-modified = {2017-06-02 12:27:19 +0000},
  howpublished  = {Datasheet},
  organization  = {Linear Technology},
  title         = {LT6230/LT6230-10 and LT6231/LT6232},
  url           = {http://cds.linear.com/docs/en/datasheet/623012fc.pdf},
  year          = {2003},
  bdsk-file-1   = {YnBsaXN0MDDUAQIDBAUGJCVYJHZlcnNpb25YJG9iamVjdHNZJGFyY2hpdmVyVCR0b3ASAAGGoKgHCBMUFRYaIVUkbnVsbNMJCgsMDxJXTlMua2V5c1pOUy5vYmplY3RzViRjbGFzc6INDoACgAOiEBGABIAFgAdccmVsYXRpdmVQYXRoWWFsaWFzRGF0YV8QKi4uL2RhdGFzaGVldHMvZWxlY3Ryb25pY3MvVElBLzYyMzAxMmZjLnBkZtIXCxgZV05TLmRhdGFPEQG8AAAAAAG8AAIAAANTU0QAAAAAAAAAAAAAAAAAAAAAAAAAAAAAAADUvmAySCsAAACHF1kMNjIzMDEyZmMucGRmAAAAAAAAAAAAAAAAAAAAAAAAAAAAAAAAAAAAAAAAAAAAAAAAAAAAAAAAAAAAAAAAAAAAAIcXW9S/W4QAAAAAAAAAAAABAAQAAAkgAAAAAAAAAAAAAAAAAAAAA1RJQQAAEAAIAADUvlIiAAAAEQAIAADUv010AAAAAQAcAIcXWQCHF00AhxV3AIcEuwAGLXcABi12AAJm/QACAFdTU0Q6VXNlcnM6AE9saXZpZXI6AERvY3VtZW50czoAZGlzc2VydGF0aW9uOgBkYXRhc2hlZXRzOgBlbGVjdHJvbmljczoAVElBOgA2MjMwMTJmYy5wZGYAAA4AGgAMADYAMgAzADAAMQAyAGYAYwAuAHAAZABmAA8ACAADAFMAUwBEABIATFVzZXJzL09saXZpZXIvRG9jdW1lbnRzL2Rpc3NlcnRhdGlvbi9kYXRhc2hlZXRzL2VsZWN0cm9uaWNzL1RJQS82MjMwMTJmYy5wZGYAEwABLwAAFQACAA7//wAAgAbSGxwdHlokY2xhc3NuYW1lWCRjbGFzc2VzXU5TTXV0YWJsZURhdGGjHR8gVk5TRGF0YVhOU09iamVjdNIbHCIjXE5TRGljdGlvbmFyeaIiIF8QD05TS2V5ZWRBcmNoaXZlctEmJ1Ryb290gAEACAARABoAIwAtADIANwBAAEYATQBVAGAAZwBqAGwAbgBxAHMAdQB3AIQAjgC7AMAAyAKIAooCjwKaAqMCsQK1ArwCxQLKAtcC2gLsAu8C9AAAAAAAAAIBAAAAAAAAACgAAAAAAAAAAAAAAAAAAAL2}
}

@url{reflection-lens,
  date-added    = {2017-06-01 14:38:51 +0000},
  date-modified = {2017-06-01 14:40:21 +0000},
  lastchecked   = {2017-05-31},
  title         = {Thorlabds' Standard Broadband AR Coatings},
  url           = {https://www.thorlabs.com/newgrouppage9.cfm?objectgroup_id=1337}
}

@misc{TEC,
  date-added    = {2017-05-25 08:42:22 +0000},
  date-modified = {2017-05-25 08:43:55 +0000},
  howpublished  = {Datasheet},
  organization  = {Thorlabs},
  title         = {T-Cube TEC Controller (TTC001)},
  year          = {2008}
}

@techreport{CO2-levels,
  date-added    = {2017-05-21 23:26:53 +0000},
  date-modified = {2017-05-21 23:29:48 +0000},
  institution   = {Scripps Institution of Oceanography},
  title         = {The Keeling Curve},
  url           = {https://scripps.ucsd.edu/programs/keelingcurve/},
  year          = {2017},
  bdsk-url-1    = {https://scripps.ucsd.edu/programs/keelingcurve/}
}

@url{CO-levels,
  date-added    = {2017-05-21 23:22:01 +0000},
  date-modified = {2017-05-25 09:10:40 +0000},
  lastchecked   = {22 May 2017},
  month         = {05},
  title         = {Carbon monoxide},
  url           = {https://www.cdc.gov/niosh/idlh/630080.html},
  urldate       = {2014-12-04},
  year          = {2017},
  bdsk-url-1    = {https://www.cdc.gov/niosh/idlh/630080.html}
}

@misc{uc_datasheet,
  annote        = {DC specs: section 25!},
  date-added    = {2017-05-17 15:55:21 +0000},
  date-modified = {2017-05-25 08:46:46 +0000},
  howpublished  = {Datasheet},
  organization  = {Microchip},
  title         = {dsPIC33FJXXXGPX06A/X08A/X10A},
  year          = {2012},
  bdsk-file-1   = {YnBsaXN0MDDUAQIDBAUGJCVYJHZlcnNpb25YJG9iamVjdHNZJGFyY2hpdmVyVCR0b3ASAAGGoKgHCBMUFRYaIVUkbnVsbNMJCgsMDxJXTlMua2V5c1pOUy5vYmplY3RzViRjbGFzc6INDoACgAOiEBGABIAFgAdccmVsYXRpdmVQYXRoWWFsaWFzRGF0YV8QMS4uL2V4cGxvcmVyLTE2L21pY3JvY29udHJvbGxlci1kb2NzL0RhdGFzaGVldC5wZGbSFwsYGVdOUy5kYXRhTxEB2AAAAAAB2AACAAADU1NEAAAAAAAAAAAAAAAAAAAAAAAAAAAAAAAA1L5gMkgrAAAAhxmwDURhdGFzaGVldC5wZGYAAAAAAAAAAAAAAAAAAAAAAAAAAAAAAAAAAAAAAAAAAAAAAAAAAAAAAAAAAAAAAAAAAACHGcfUv1vOAAAAAAAAAAAAAQADAAAJIAAAAAAAAAAAAAAAAAAAABRtaWNyb2NvbnRyb2xsZXItZG9jcwAQAAgAANS+UiIAAAARAAgAANS/Tb4AAAABABgAhxmwAIcVegCHBLsABi13AAYtdgACZv0AAgBdU1NEOlVzZXJzOgBPbGl2aWVyOgBEb2N1bWVudHM6AGRpc3NlcnRhdGlvbjoAZXhwbG9yZXItMTY6AG1pY3JvY29udHJvbGxlci1kb2NzOgBEYXRhc2hlZXQucGRmAAAOABwADQBEAGEAdABhAHMAaABlAGUAdAAuAHAAZABmAA8ACAADAFMAUwBEABIAU1VzZXJzL09saXZpZXIvRG9jdW1lbnRzL2Rpc3NlcnRhdGlvbi9leHBsb3Jlci0xNi9taWNyb2NvbnRyb2xsZXItZG9jcy9EYXRhc2hlZXQucGRmAAATAAEvAAAVAAIADv//AACABtIbHB0eWiRjbGFzc25hbWVYJGNsYXNzZXNdTlNNdXRhYmxlRGF0YaMdHyBWTlNEYXRhWE5TT2JqZWN00hscIiNcTlNEaWN0aW9uYXJ5oiIgXxAPTlNLZXllZEFyY2hpdmVy0SYnVHJvb3SAAQAIABEAGgAjAC0AMgA3AEAARgBNAFUAYABnAGoAbABuAHEAcwB1AHcAhACOAMIAxwDPAqsCrQKyAr0CxgLUAtgC3wLoAu0C+gL9Aw8DEgMXAAAAAAAAAgEAAAAAAAAAKAAAAAAAAAAAAAAAAAAAAxk=}
}

@phdthesis{Spiral,
  author        = {Eva Ryckeboer},
  date-added    = {2017-05-13 18:22:06 +0000},
  date-modified = {2017-05-13 18:22:47 +0000},
  school        = {Ghent University},
  title         = {Spectroscopic detection of glucose with a silicon photonic integrated circuit},
  year          = {2014}
}

@article{GasAbsorptionFit,
  author        = {Christopher S. Goldenstein and Christopher L. Strand and Ian A. Schultz and Kai Sun and Jay B. Jeffries and Ronald K. Hanson},
  date-added    = {2017-05-12 16:02:56 +0000},
  date-modified = {2017-05-12 16:04:43 +0000},
  journal       = {Applied Optics},
  month         = {01},
  number        = {3},
  title         = {Fitting of calibration-free scanned-wavelength- modulation spectroscopy spectra for determination of gas properties and absorption lineshapes},
  volume        = {53},
  year          = {2014},
  bdsk-file-1   = {YnBsaXN0MDDUAQIDBAUGJCVYJHZlcnNpb25YJG9iamVjdHNZJGFyY2hpdmVyVCR0b3ASAAGGoKgHCBMUFRYaIVUkbnVsbNMJCgsMDxJXTlMua2V5c1pOUy5vYmplY3RzViRjbGFzc6INDoACgAOiEBGABIAFgAdccmVsYXRpdmVQYXRoWWFsaWFzRGF0YV8Q0i4uL21pc2MvQXBwbGllZCBPcHRpY3MgVm9sdW1lIDUzIGlzc3VlIDMgMjAxNCBbZG9pIDEwLjEzNjRfQU8uNTMuMDAwMzU2XSBHb2xkZW5zdGVpbiwgQ2hyaXN0b3BoZXIgUy47IFN0cmFuZCwgQ2hyaXN0b3BoZXIgTC47IFNjaHVsdHosIElhIC0tIEZpdHRpbmcgb2YgY2FsaWJyYXRpb24tZnJlZSBzY2FubmVkLXdhdmVsZW5ndGgtbW9kdWxhdGlvbiBzcGVjdHJvLnBkZtIXCxgZV05TLmRhdGFPEQPSAAAAAAPSAAIAAANTU0QAAAAAAAAAAAAAAAAAAAAAAAAAAAAAAADUvmAySCsAAACHFXwfQXBwbGllZCBPcHRpY3MgVm9sdW0jODcxQUM2LnBkZgAAAAAAAAAAAAAAAAAAAAAAAAAAAAAAAAAAAAAAAAAAAIcaxtS/W84AAAAAAAAAAAABAAIAAAkgAAAAAAAAAAAAAAAAAAAABG1pc2MAEAAIAADUvlIiAAAAEQAIAADUv02+AAAAAQAUAIcVfACHBLsABi13AAYtdgACZv0AAgBSU1NEOlVzZXJzOgBPbGl2aWVyOgBEb2N1bWVudHM6AGRpc3NlcnRhdGlvbjoAbWlzYzoAQXBwbGllZCBPcHRpY3MgVm9sdW0jODcxQUM2LnBkZgAOAZYAygBBAHAAcABsAGkAZQBkACAATwBwAHQAaQBjAHMAIABWAG8AbAB1AG0AZQAgADUAMwAgAGkAcwBzAHUAZQAgADMAIAAyADAAMQA0ACAAWwBkAG8AaQAgADEAMAAuADEAMwA2ADQAXwBBAE8ALgA1ADMALgAwADAAMAAzADUANgBdACAARwBvAGwAZABlAG4AcwB0AGUAaQBuACwAIABDAGgAcgBpAHMAdABvAHAAaABlAHIAIABTAC4AOwAgAFMAdAByAGEAbgBkACwAIABDAGgAcgBpAHMAdABvAHAAaABlAHIAIABMAC4AOwAgAFMAYwBoAHUAbAB0AHoALAAgAEkAYQAgAC0ALQAgAEYAaQB0AHQAaQBuAGcAIABvAGYAIABjAGEAbABpAGIAcgBhAHQAaQBvAG4ALQBmAHIAZQBlACAAcwBjAGEAbgBuAGUAZAAtAHcAYQB2AGUAbABlAG4AZwB0AGgALQBtAG8AZAB1AGwAYQB0AGkAbwBuACAAcwBwAGUAYwB0AHIAbwAuAHAAZABmAA8ACAADAFMAUwBEABIA9FVzZXJzL09saXZpZXIvRG9jdW1lbnRzL2Rpc3NlcnRhdGlvbi9taXNjL0FwcGxpZWQgT3B0aWNzIFZvbHVtZSA1MyBpc3N1ZSAzIDIwMTQgW2RvaSAxMC4xMzY0X0FPLjUzLjAwMDM1Nl0gR29sZGVuc3RlaW4sIENocmlzdG9waGVyIFMuOyBTdHJhbmQsIENocmlzdG9waGVyIEwuOyBTY2h1bHR6LCBJYSAtLSBGaXR0aW5nIG9mIGNhbGlicmF0aW9uLWZyZWUgc2Nhbm5lZC13YXZlbGVuZ3RoLW1vZHVsYXRpb24gc3BlY3Ryby5wZGYAEwABLwAAFQACAA7//wAAgAbSGxwdHlokY2xhc3NuYW1lWCRjbGFzc2VzXU5TTXV0YWJsZURhdGGjHR8gVk5TRGF0YVhOU09iamVjdNIbHCIjXE5TRGljdGlvbmFyeaIiIF8QD05TS2V5ZWRBcmNoaXZlctEmJ1Ryb290gAEACAARABoAIwAtADIANwBAAEYATQBVAGAAZwBqAGwAbgBxAHMAdQB3AIQAjgFjAWgBcAVGBUgFTQVYBWEFbwVzBXoFgwWIBZUFmAWqBa0FsgAAAAAAAAIBAAAAAAAAACgAAAAAAAAAAAAAAAAAAAW0}
}

@article{lm-fitting,
  author        = {Kenneth Levenberg},
  date-added    = {2017-05-11 17:08:44 +0000},
  date-modified = {2017-05-11 17:13:00 +0000},
  journal       = {Quarterly of Applied Mathematics},
  number        = {2},
  pages         = {164-168},
  title         = {A Method for the Solution of Certain Non-Linear Problems in Least Squares},
  url           = {http://www.jstor.org/stable/43633451},
  volume        = {2},
  year          = {1944},
  bdsk-url-1    = {http://www.jstor.org/stable/43633451}
}

@techreport{DiffOpAmps,
  author        = {James Karki},
  date-added    = {2017-05-09 17:49:00 +0000},
  date-modified = {2017-05-09 17:50:21 +0000},
  institution   = {Texas Instruments},
  month         = {09},
  number        = {SLOA054},
  title         = {Fully-Differential Amplifiers},
  year          = {2016},
  bdsk-file-1   = {YnBsaXN0MDDUAQIDBAUGJCVYJHZlcnNpb25YJG9iamVjdHNZJGFyY2hpdmVyVCR0b3ASAAGGoKgHCBMUFRYaIVUkbnVsbNMJCgsMDxJXTlMua2V5c1pOUy5vYmplY3RzViRjbGFzc6INDoACgAOiEBGABIAFgAdccmVsYXRpdmVQYXRoWWFsaWFzRGF0YV8QFC4uL21pc2Mvc2xvYTA1NGUucGRm0hcLGBlXTlMuZGF0YU8RAYYAAAAAAYYAAgAAA1NTRAAAAAAAAAAAAAAAAAAAAAAAAAAAAAAAANS+YDJIKwAAAIcVfAxzbG9hMDU0ZS5wZGYAAAAAAAAAAAAAAAAAAAAAAAAAAAAAAAAAAAAAAAAAAAAAAAAAAAAAAAAAAAAAAAAAAAAAhxsd1L9b5gAAAAAAAAAAAAEAAgAACSAAAAAAAAAAAAAAAAAAAAAEbWlzYwAQAAgAANS+UiIAAAARAAgAANS/TdYAAAABABQAhxV8AIcEuwAGLXcABi12AAJm/QACAD9TU0Q6VXNlcnM6AE9saXZpZXI6AERvY3VtZW50czoAZGlzc2VydGF0aW9uOgBtaXNjOgBzbG9hMDU0ZS5wZGYAAA4AGgAMAHMAbABvAGEAMAA1ADQAZQAuAHAAZABmAA8ACAADAFMAUwBEABIANlVzZXJzL09saXZpZXIvRG9jdW1lbnRzL2Rpc3NlcnRhdGlvbi9taXNjL3Nsb2EwNTRlLnBkZgATAAEvAAAVAAIADv//AACABtIbHB0eWiRjbGFzc25hbWVYJGNsYXNzZXNdTlNNdXRhYmxlRGF0YaMdHyBWTlNEYXRhWE5TT2JqZWN00hscIiNcTlNEaWN0aW9uYXJ5oiIgXxAPTlNLZXllZEFyY2hpdmVy0SYnVHJvb3SAAQAIABEAGgAjAC0AMgA3AEAARgBNAFUAYABnAGoAbABuAHEAcwB1AHcAhACOAKUAqgCyAjwCPgJDAk4CVwJlAmkCcAJ5An4CiwKOAqACowKoAAAAAAAAAgEAAAAAAAAAKAAAAAAAAAAAAAAAAAAAAqo=}
}

@misc{AD7687,
  date-added    = {2017-05-09 17:33:17 +0000},
  date-modified = {2017-05-25 08:45:55 +0000},
  edition       = {Rev E},
  howpublished  = {Datasheet},
  organization  = {Analog Devices},
  title         = {AD7687},
  year          = {2015},
  bdsk-file-1   = {YnBsaXN0MDDUAQIDBAUGJCVYJHZlcnNpb25YJG9iamVjdHNZJGFyY2hpdmVyVCR0b3ASAAGGoKgHCBMUFRYaIVUkbnVsbNMJCgsMDxJXTlMua2V5c1pOUy5vYmplY3RzViRjbGFzc6INDoACgAOiEBGABIAFgAdccmVsYXRpdmVQYXRoWWFsaWFzRGF0YV8QKC4uL2RhdGFzaGVldHMvZWxlY3Ryb25pY3MvQURDL0FENzY4Ny5wZGbSFwsYGVdOUy5kYXRhTxEBtAAAAAABtAACAAADU1NEAAAAAAAAAAAAAAAAAAAAAAAAAAAAAAAA1L5gMkgrAAAAhxdPCkFENzY4Ny5wZGYAAAAAAAAAAAAAAAAAAAAAAAAAAAAAAAAAAAAAAAAAAAAAAAAAAAAAAAAAAAAAAAAAAAAAAACHF1DU/cAnAAAAAAAAAAAAAQAEAAAJIAAAAAAAAAAAAAAAAAAAAANBREMAABAACAAA1L5SIgAAABEACAAA1P2kBwAAAAEAHACHF08AhxdNAIcVdwCHBLsABi13AAYtdgACZv0AAgBVU1NEOlVzZXJzOgBPbGl2aWVyOgBEb2N1bWVudHM6AGRpc3NlcnRhdGlvbjoAZGF0YXNoZWV0czoAZWxlY3Ryb25pY3M6AEFEQzoAQUQ3Njg3LnBkZgAADgAWAAoAQQBEADcANgA4ADcALgBwAGQAZgAPAAgAAwBTAFMARAASAEpVc2Vycy9PbGl2aWVyL0RvY3VtZW50cy9kaXNzZXJ0YXRpb24vZGF0YXNoZWV0cy9lbGVjdHJvbmljcy9BREMvQUQ3Njg3LnBkZgATAAEvAAAVAAIADv//AACABtIbHB0eWiRjbGFzc25hbWVYJGNsYXNzZXNdTlNNdXRhYmxlRGF0YaMdHyBWTlNEYXRhWE5TT2JqZWN00hscIiNcTlNEaWN0aW9uYXJ5oiIgXxAPTlNLZXllZEFyY2hpdmVy0SYnVHJvb3SAAQAIABEAGgAjAC0AMgA3AEAARgBNAFUAYABnAGoAbABuAHEAcwB1AHcAhACOALkAvgDGAn4CgAKFApACmQKnAqsCsgK7AsACzQLQAuIC5QLqAAAAAAAAAgEAAAAAAAAAKAAAAAAAAAAAAAAAAAAAAuw=}
}

@misc{THS4130,
  date-added    = {2017-05-09 17:16:58 +0000},
  date-modified = {2017-05-25 08:48:19 +0000},
  howpublished  = {Datasheet},
  month         = {08},
  organization  = {Texas Instruments},
  title         = {THS413x High-Speed, Low-Noise, Fully-Differential I/OAmplifiers},
  year          = {2015},
  bdsk-file-1   = {YnBsaXN0MDDUAQIDBAUGJCVYJHZlcnNpb25YJG9iamVjdHNZJGFyY2hpdmVyVCR0b3ASAAGGoKgHCBMUFRYaIVUkbnVsbNMJCgsMDxJXTlMua2V5c1pOUy5vYmplY3RzViRjbGFzc6INDoACgAOiEBGABIAFgAdccmVsYXRpdmVQYXRoWWFsaWFzRGF0YV8QKS4uL2RhdGFzaGVldHMvZWxlY3Ryb25pY3MvQURDL3RoczQxMzAucGRm0hcLGBlXTlMuZGF0YU8RAbgAAAAAAbgAAgAAA1NTRAAAAAAAAAAAAAAAAAAAAAAAAAAAAAAAANS+YDJIKwAAAIcXTwt0aHM0MTMwLnBkZgAAAAAAAAAAAAAAAAAAAAAAAAAAAAAAAAAAAAAAAAAAAAAAAAAAAAAAAAAAAAAAAAAAAAAAhxdR1L9begAAAAAAAAAAAAEABAAACSAAAAAAAAAAAAAAAAAAAAADQURDAAAQAAgAANS+UiIAAAARAAgAANS/TWoAAAABABwAhxdPAIcXTQCHFXcAhwS7AAYtdwAGLXYAAmb9AAIAVlNTRDpVc2VyczoAT2xpdmllcjoARG9jdW1lbnRzOgBkaXNzZXJ0YXRpb246AGRhdGFzaGVldHM6AGVsZWN0cm9uaWNzOgBBREM6AHRoczQxMzAucGRmAA4AGAALAHQAaABzADQAMQAzADAALgBwAGQAZgAPAAgAAwBTAFMARAASAEtVc2Vycy9PbGl2aWVyL0RvY3VtZW50cy9kaXNzZXJ0YXRpb24vZGF0YXNoZWV0cy9lbGVjdHJvbmljcy9BREMvdGhzNDEzMC5wZGYAABMAAS8AABUAAgAO//8AAIAG0hscHR5aJGNsYXNzbmFtZVgkY2xhc3Nlc11OU011dGFibGVEYXRhox0fIFZOU0RhdGFYTlNPYmplY3TSGxwiI1xOU0RpY3Rpb25hcnmiIiBfEA9OU0tleWVkQXJjaGl2ZXLRJidUcm9vdIABAAgAEQAaACMALQAyADcAQABGAE0AVQBgAGcAagBsAG4AcQBzAHUAdwCEAI4AugC/AMcCgwKFAooClQKeAqwCsAK3AsACxQLSAtUC5wLqAu8AAAAAAAACAQAAAAAAAAAoAAAAAAAAAAAAAAAAAAAC8Q==}
}

@misc{GFT_LTSpice,
  author        = {Frank Wiedmann},
  date-added    = {2017-05-09 15:53:28 +0000},
  date-modified = {2017-05-09 19:19:55 +0000},
  howpublished  = {\url{https://sites.google.com/site/frankwiedmann/loopgain}},
  month         = {03},
  title         = {Loop Gain Simulation},
  year          = {2017},
  bdsk-file-1   = {YnBsaXN0MDDUAQIDBAUGJCVYJHZlcnNpb25YJG9iamVjdHNZJGFyY2hpdmVyVCR0b3ASAAGGoKgHCBMUFRYaIVUkbnVsbNMJCgsMDxJXTlMua2V5c1pOUy5vYmplY3RzViRjbGFzc6INDoACgAOiEBGABIAFgAdccmVsYXRpdmVQYXRoWWFsaWFzRGF0YV8QFy4uL21pc2MvR0ZUL0dGVF9MVHNwaWNl0hcLGBlXTlMuZGF0YU8RAZAAAAAAAZAAAgABA1NTRAAAAAAAAAAAAAAAAAAAAAAAAAAAAAAAANS+YDJIKwAAAIca3gtHRlRfTFRzcGljZQAAAAAAAAAAAAAAAAAAAAAAAAAAAAAAAAAAAAAAAAAAAAAAAAAAAAAAAAAAAAAAAAAAAAAAhxrg1N39DAAAAAAAAAAAAAEAAwAACSAAAAAAAAAAAAAAAAAAAAADR0ZUAAAQAAgAANS+UiIAAAARAAgAANTd7vwAAAABABgAhxreAIcVfACHBLsABi13AAYtdgACZv0AAgBDU1NEOlVzZXJzOgBPbGl2aWVyOgBEb2N1bWVudHM6AGRpc3NlcnRhdGlvbjoAbWlzYzoAR0ZUOgBHRlRfTFRzcGljZQAADgAYAAsARwBGAFQAXwBMAFQAcwBwAGkAYwBlAA8ACAADAFMAUwBEABIAOVVzZXJzL09saXZpZXIvRG9jdW1lbnRzL2Rpc3NlcnRhdGlvbi9taXNjL0dGVC9HRlRfTFRzcGljZQAAEwABLwAAFQACAA7//wAAgAbSGxwdHlokY2xhc3NuYW1lWCRjbGFzc2VzXU5TTXV0YWJsZURhdGGjHR8gVk5TRGF0YVhOU09iamVjdNIbHCIjXE5TRGljdGlvbmFyeaIiIF8QD05TS2V5ZWRBcmNoaXZlctEmJ1Ryb290gAEACAARABoAIwAtADIANwBAAEYATQBVAGAAZwBqAGwAbgBxAHMAdQB3AIQAjgCoAK0AtQJJAksCUAJbAmQCcgJ2An0ChgKLApgCmwKtArACtQAAAAAAAAIBAAAAAAAAACgAAAAAAAAAAAAAAAAAAAK3}
}

@manual{GFT_manual,
  author        = {Dr. R.D. Middlebrook},
  date-added    = {2017-05-09 15:50:31 +0000},
  date-modified = {2017-05-09 15:52:34 +0000},
  title         = {GFT Template User's Manual v.1.0},
  url           = {http://www.rdmiddlebrook.com},
  bdsk-file-1   = {YnBsaXN0MDDUAQIDBAUGJCVYJHZlcnNpb25YJG9iamVjdHNZJGFyY2hpdmVyVCR0b3ASAAGGoKgHCBMUFRYaIVUkbnVsbNMJCgsMDxJXTlMua2V5c1pOUy5vYmplY3RzViRjbGFzc6INDoACgAOiEBGABIAFgAdccmVsYXRpdmVQYXRoWWFsaWFzRGF0YV8QGS4uL21pc2MvR0ZUL0dGVE1hbnVhbC5wZGbSFwsYGVdOUy5kYXRhTxEBmAAAAAABmAACAAADU1NEAAAAAAAAAAAAAAAAAAAAAAAAAAAAAAAA1L5gMkgrAAAAhxreDUdGVE1hbnVhbC5wZGYAAAAAAAAAAAAAAAAAAAAAAAAAAAAAAAAAAAAAAAAAAAAAAAAAAAAAAAAAAAAAAAAAAACHGvnU3h+dAAAAAAAAAAAAAQADAAAJIAAAAAAAAAAAAAAAAAAAAANHRlQAABAACAAA1L5SIgAAABEACAAA1N4RjQAAAAEAGACHGt4AhxV8AIcEuwAGLXcABi12AAJm/QACAEVTU0Q6VXNlcnM6AE9saXZpZXI6AERvY3VtZW50czoAZGlzc2VydGF0aW9uOgBtaXNjOgBHRlQ6AEdGVE1hbnVhbC5wZGYAAA4AHAANAEcARgBUAE0AYQBuAHUAYQBsAC4AcABkAGYADwAIAAMAUwBTAEQAEgA7VXNlcnMvT2xpdmllci9Eb2N1bWVudHMvZGlzc2VydGF0aW9uL21pc2MvR0ZUL0dGVE1hbnVhbC5wZGYAABMAAS8AABUAAgAO//8AAIAG0hscHR5aJGNsYXNzbmFtZVgkY2xhc3Nlc11OU011dGFibGVEYXRhox0fIFZOU0RhdGFYTlNPYmplY3TSGxwiI1xOU0RpY3Rpb25hcnmiIiBfEA9OU0tleWVkQXJjaGl2ZXLRJidUcm9vdIABAAgAEQAaACMALQAyADcAQABGAE0AVQBgAGcAagBsAG4AcQBzAHUAdwCEAI4AqgCvALcCUwJVAloCZQJuAnwCgAKHApAClQKiAqUCtwK6Ar8AAAAAAAACAQAAAAAAAAAoAAAAAAAAAAAAAAAAAAACwQ==}
}

@techreport{VGA_design,
  date-added    = {2017-05-09 11:45:17 +0000},
  date-modified = {2017-05-09 11:46:20 +0000},
  institution   = {Analog Devices},
  number        = {MT-072},
  title         = {Precision Variable Gain Amplifiers (VGAs)},
  year          = {2009},
  bdsk-file-1   = {YnBsaXN0MDDUAQIDBAUGJCVYJHZlcnNpb25YJG9iamVjdHNZJGFyY2hpdmVyVCR0b3ASAAGGoKgHCBMUFRYaIVUkbnVsbNMJCgsMDxJXTlMua2V5c1pOUy5vYmplY3RzViRjbGFzc6INDoACgAOiEBGABIAFgAdccmVsYXRpdmVQYXRoWWFsaWFzRGF0YV8QEi4uL21pc2MvTVQtMDcyLnBkZtIXCxgZV05TLmRhdGFPEQF+AAAAAAF+AAIAAANTU0QAAAAAAAAAAAAAAAAAAAAAAAAAAAAAAADUvmAySCsAAACHFXwKTVQtMDcyLnBkZgAAAAAAAAAAAAAAAAAAAAAAAAAAAAAAAAAAAAAAAAAAAAAAAAAAAAAAAAAAAAAAAAAAAAAAAIcbCdTGV9wAAAAAAAAAAAABAAIAAAkgAAAAAAAAAAAAAAAAAAAABG1pc2MAEAAIAADUvlIiAAAAEQAIAADUxknMAAAAAQAUAIcVfACHBLsABi13AAYtdgACZv0AAgA9U1NEOlVzZXJzOgBPbGl2aWVyOgBEb2N1bWVudHM6AGRpc3NlcnRhdGlvbjoAbWlzYzoATVQtMDcyLnBkZgAADgAWAAoATQBUAC0AMAA3ADIALgBwAGQAZgAPAAgAAwBTAFMARAASADRVc2Vycy9PbGl2aWVyL0RvY3VtZW50cy9kaXNzZXJ0YXRpb24vbWlzYy9NVC0wNzIucGRmABMAAS8AABUAAgAO//8AAIAG0hscHR5aJGNsYXNzbmFtZVgkY2xhc3Nlc11OU011dGFibGVEYXRhox0fIFZOU0RhdGFYTlNPYmplY3TSGxwiI1xOU0RpY3Rpb25hcnmiIiBfEA9OU0tleWVkQXJjaGl2ZXLRJidUcm9vdIABAAgAEQAaACMALQAyADcAQABGAE0AVQBgAGcAagBsAG4AcQBzAHUAdwCEAI4AowCoALACMgI0AjkCRAJNAlsCXwJmAm8CdAKBAoQClgKZAp4AAAAAAAACAQAAAAAAAAAoAAAAAAAAAAAAAAAAAAACoA==}
}

@misc{ADG412,
  date-added    = {2017-05-09 10:33:18 +0000},
  date-modified = {2017-05-25 08:48:02 +0000},
  edition       = {Rev D},
  howpublished  = {Datasheet},
  organization  = {Analog Devices},
  title         = {Precision Quad SPST Switches},
  year          = {2010},
  bdsk-file-1   = {YnBsaXN0MDDUAQIDBAUGJCVYJHZlcnNpb25YJG9iamVjdHNZJGFyY2hpdmVyVCR0b3ASAAGGoKgHCBMUFRYaIVUkbnVsbNMJCgsMDxJXTlMua2V5c1pOUy5vYmplY3RzViRjbGFzc6INDoACgAOiEBGABIAFgAdccmVsYXRpdmVQYXRoWWFsaWFzRGF0YV8QMC4uL2RhdGFzaGVldHMvZWxlY3Ryb25pY3MvVkdBL0FERzQxMV80MTJfNDEzLnBkZtIXCxgZV05TLmRhdGFPEQHUAAAAAAHUAAIAAANTU0QAAAAAAAAAAAAAAAAAAAAAAAAAAAAAAADUvmAySCsAAACHF1wSQURHNDExXzQxMl80MTMucGRmAAAAAAAAAAAAAAAAAAAAAAAAAAAAAAAAAAAAAAAAAAAAAAAAAAAAAAAAAAAAAIcXYNUIEDQAAAAAAAAAAAABAAQAAAkgAAAAAAAAAAAAAAAAAAAAA1ZHQQAAEAAIAADUvlIiAAAAEQAIAADVB/QUAAAAAQAcAIcXXACHF00AhxV3AIcEuwAGLXcABi12AAJm/QACAF1TU0Q6VXNlcnM6AE9saXZpZXI6AERvY3VtZW50czoAZGlzc2VydGF0aW9uOgBkYXRhc2hlZXRzOgBlbGVjdHJvbmljczoAVkdBOgBBREc0MTFfNDEyXzQxMy5wZGYAAA4AJgASAEEARABHADQAMQAxAF8ANAAxADIAXwA0ADEAMwAuAHAAZABmAA8ACAADAFMAUwBEABIAUlVzZXJzL09saXZpZXIvRG9jdW1lbnRzL2Rpc3NlcnRhdGlvbi9kYXRhc2hlZXRzL2VsZWN0cm9uaWNzL1ZHQS9BREc0MTFfNDEyXzQxMy5wZGYAEwABLwAAFQACAA7//wAAgAbSGxwdHlokY2xhc3NuYW1lWCRjbGFzc2VzXU5TTXV0YWJsZURhdGGjHR8gVk5TRGF0YVhOU09iamVjdNIbHCIjXE5TRGljdGlvbmFyeaIiIF8QD05TS2V5ZWRBcmNoaXZlctEmJ1Ryb290gAEACAARABoAIwAtADIANwBAAEYATQBVAGAAZwBqAGwAbgBxAHMAdQB3AIQAjgDBAMYAzgKmAqgCrQK4AsECzwLTAtoC4wLoAvUC+AMKAw0DEgAAAAAAAAIBAAAAAAAAACgAAAAAAAAAAAAAAAAAAAMU}
}

@misc{LT1222,
  date-added    = {2017-05-09 10:30:21 +0000},
  date-modified = {2017-05-25 08:47:50 +0000},
  edition       = {Rev C},
  howpublished  = {Datasheet},
  organization  = {Linear Technology},
  title         = {Operational Amplifier},
  year          = {1992},
  bdsk-file-1   = {YnBsaXN0MDDUAQIDBAUGJCVYJHZlcnNpb25YJG9iamVjdHNZJGFyY2hpdmVyVCR0b3ASAAGGoKgHCBMUFRYaIVUkbnVsbNMJCgsMDxJXTlMua2V5c1pOUy5vYmplY3RzViRjbGFzc6INDoACgAOiEBGABIAFgAdccmVsYXRpdmVQYXRoWWFsaWFzRGF0YV8QKC4uL2RhdGFzaGVldHMvZWxlY3Ryb25pY3MvVkdBLzEyMjJmYy5wZGbSFwsYGVdOUy5kYXRhTxEBtAAAAAABtAACAAADU1NEAAAAAAAAAAAAAAAAAAAAAAAAAAAAAAAA1L5gMkgrAAAAhxdcCjEyMjJmYy5wZGYAAAAAAAAAAAAAAAAAAAAAAAAAAAAAAAAAAAAAAAAAAAAAAAAAAAAAAAAAAAAAAAAAAAAAAACHF13UyOwjAAAAAAAAAAAAAQAEAAAJIAAAAAAAAAAAAAAAAAAAAANWR0EAABAACAAA1L5SIgAAABEACAAA1MjeEwAAAAEAHACHF1wAhxdNAIcVdwCHBLsABi13AAYtdgACZv0AAgBVU1NEOlVzZXJzOgBPbGl2aWVyOgBEb2N1bWVudHM6AGRpc3NlcnRhdGlvbjoAZGF0YXNoZWV0czoAZWxlY3Ryb25pY3M6AFZHQToAMTIyMmZjLnBkZgAADgAWAAoAMQAyADIAMgBmAGMALgBwAGQAZgAPAAgAAwBTAFMARAASAEpVc2Vycy9PbGl2aWVyL0RvY3VtZW50cy9kaXNzZXJ0YXRpb24vZGF0YXNoZWV0cy9lbGVjdHJvbmljcy9WR0EvMTIyMmZjLnBkZgATAAEvAAAVAAIADv//AACABtIbHB0eWiRjbGFzc25hbWVYJGNsYXNzZXNdTlNNdXRhYmxlRGF0YaMdHyBWTlNEYXRhWE5TT2JqZWN00hscIiNcTlNEaWN0aW9uYXJ5oiIgXxAPTlNLZXllZEFyY2hpdmVy0SYnVHJvb3SAAQAIABEAGgAjAC0AMgA3AEAARgBNAFUAYABnAGoAbABuAHEAcwB1AHcAhACOALkAvgDGAn4CgAKFApACmQKnAqsCsgK7AsACzQLQAuIC5QLqAAAAAAAAAgEAAAAAAAAAKAAAAAAAAAAAAAAAAAAAAuw=}
}

@article{Sallen-Key_input_impedance,
  author        = {Kenneth V. Cartwright and Edit J. Kaminsky},
  date-added    = {2017-05-07 16:31:58 +0000},
  date-modified = {2017-05-07 16:33:45 +0000},
  journal       = {Lat. Am. J. Phys. Educ.},
  month         = {12},
  title         = {Finding the minimum input impedance of a second- order unity-gain Sallen-Key low-pass filter without calculus},
  year          = {2014},
  bdsk-file-1   = {YnBsaXN0MDDUAQIDBAUGJCVYJHZlcnNpb25YJG9iamVjdHNZJGFyY2hpdmVyVCR0b3ASAAGGoKgHCBMUFRYaIVUkbnVsbNMJCgsMDxJXTlMua2V5c1pOUy5vYmplY3RzViRjbGFzc6INDoACgAOiEBGABIAFgAdccmVsYXRpdmVQYXRoWWFsaWFzRGF0YV8QKi4uL21pc2MvMy1MQUpQRV84MjhfS2VubmV0aF9DYXJ0d3JpZ3RoLnBkZtIXCxgZV05TLmRhdGFPEQHaAAAAAAHaAAIAAANTU0QAAAAAAAAAAAAAAAAAAAAAAAAAAAAAAADUvmAySCsAAACHFXwfMy1MQUpQRV84MjhfS2VubmV0aF8jQTE1RTUyLnBkZgAAAAAAAAAAAAAAAAAAAAAAAAAAAAAAAAAAAAAAAAAAAKFeUtU1GFEAAAAAAAAAAAABAAIAAAkgAAAAAAAAAAAAAAAAAAAABG1pc2MAEAAIAADUvlIiAAAAEQAIAADVNPwxAAAAAQAUAIcVfACHBLsABi13AAYtdgACZv0AAgBSU1NEOlVzZXJzOgBPbGl2aWVyOgBEb2N1bWVudHM6AGRpc3NlcnRhdGlvbjoAbWlzYzoAMy1MQUpQRV84MjhfS2VubmV0aF8jQTE1RTUyLnBkZgAOAEYAIgAzAC0ATABBAEoAUABFAF8AOAAyADgAXwBLAGUAbgBuAGUAdABoAF8AQwBhAHIAdAB3AHIAaQBnAHQAaAAuAHAAZABmAA8ACAADAFMAUwBEABIATFVzZXJzL09saXZpZXIvRG9jdW1lbnRzL2Rpc3NlcnRhdGlvbi9taXNjLzMtTEFKUEVfODI4X0tlbm5ldGhfQ2FydHdyaWd0aC5wZGYAEwABLwAAFQACAA7//wAAgAbSGxwdHlokY2xhc3NuYW1lWCRjbGFzc2VzXU5TTXV0YWJsZURhdGGjHR8gVk5TRGF0YVhOU09iamVjdNIbHCIjXE5TRGljdGlvbmFyeaIiIF8QD05TS2V5ZWRBcmNoaXZlctEmJ1Ryb290gAEACAARABoAIwAtADIANwBAAEYATQBVAGAAZwBqAGwAbgBxAHMAdQB3AIQAjgC7AMAAyAKmAqgCrQK4AsECzwLTAtoC4wLoAvUC+AMKAw0DEgAAAAAAAAIBAAAAAAAAACgAAAAAAAAAAAAAAAAAAAMU}
}

@misc{OPA277,
  date-added    = {2017-05-07 14:22:47 +0000},
  date-modified = {2017-05-25 08:47:43 +0000},
  howpublished  = {Datasheet},
  organization  = {Texas Instruments},
  title         = {OPAx277 High Precision Operational Amplifiers},
  url           = {http://www.ti.com/lit/ds/symlink/opa277.pdf},
  bdsk-url-1    = {http://www.ti.com/lit/ds/symlink/opa277.pdf}
}

@article{sallen_key_filters,
  author        = {R. P. Sallen and E. L. Key},
  date-added    = {2017-05-07 14:11:50 +0000},
  date-modified = {2017-05-07 14:14:41 +0000},
  journal       = {IRE Transactions on Circuit Theory},
  month         = {03},
  number        = {1},
  title         = {A practical method of designing RC active filters},
  volume        = {2},
  year          = {1955},
  bdsk-file-1   = {YnBsaXN0MDDUAQIDBAUGJCVYJHZlcnNpb25YJG9iamVjdHNZJGFyY2hpdmVyVCR0b3ASAAGGoKgHCBMUFRYaIVUkbnVsbNMJCgsMDxJXTlMua2V5c1pOUy5vYmplY3RzViRjbGFzc6INDoACgAOiEBGABIAFgAdccmVsYXRpdmVQYXRoWWFsaWFzRGF0YV8QFC4uL21pc2MvMDY1MDAxNTkucGRm0hcLGBlXTlMuZGF0YU8RAYYAAAAAAYYAAgAAA1NTRAAAAAAAAAAAAAAAAAAAAAAAAAAAAAAAANS+YDJIKwAAAIcVfAwwNjUwMDE1OS5wZGYAAAAAAAAAAAAAAAAAAAAAAAAAAAAAAAAAAAAAAAAAAAAAAAAAAAAAAAAAAAAAAAAAAAAAhxqh1PlqdwAAAAAAAAAAAAEAAgAACSAAAAAAAAAAAAAAAAAAAAAEbWlzYwAQAAgAANS+UiIAAAARAAgAANT5XGcAAAABABQAhxV8AIcEuwAGLXcABi12AAJm/QACAD9TU0Q6VXNlcnM6AE9saXZpZXI6AERvY3VtZW50czoAZGlzc2VydGF0aW9uOgBtaXNjOgAwNjUwMDE1OS5wZGYAAA4AGgAMADAANgA1ADAAMAAxADUAOQAuAHAAZABmAA8ACAADAFMAUwBEABIANlVzZXJzL09saXZpZXIvRG9jdW1lbnRzL2Rpc3NlcnRhdGlvbi9taXNjLzA2NTAwMTU5LnBkZgATAAEvAAAVAAIADv//AACABtIbHB0eWiRjbGFzc25hbWVYJGNsYXNzZXNdTlNNdXRhYmxlRGF0YaMdHyBWTlNEYXRhWE5TT2JqZWN00hscIiNcTlNEaWN0aW9uYXJ5oiIgXxAPTlNLZXllZEFyY2hpdmVy0SYnVHJvb3SAAQAIABEAGgAjAC0AMgA3AEAARgBNAFUAYABnAGoAbABuAHEAcwB1AHcAhACOAKUAqgCyAjwCPgJDAk4CVwJlAmkCcAJ5An4CiwKOAqACowKoAAAAAAAAAgEAAAAAAAAAKAAAAAAAAAAAAAAAAAAAAqo=}
}

@techreport{TIA_noise_formula,
  author        = {Hooman Hashemi},
  date-added    = {2017-05-04 19:51:24 +0000},
  date-modified = {2017-05-04 19:52:15 +0000},
  institution   = {Texas Instruments},
  month         = {11},
  title         = {Transimpedance Amplifiers (TIA): Choosing the Best Amplifier for the Job},
  year          = {2015}
}

@techreport{TIA_noise,
  date-added    = {2017-05-04 19:47:33 +0000},
  date-modified = {2017-05-04 19:49:35 +0000},
  institution   = {Texas Instruments},
  month         = {02},
  number        = {SBOA060},
  title         = {Noise Analysis of FET Transimpedance Amplifiers},
  year          = {1994},
  bdsk-file-1   = {YnBsaXN0MDDUAQIDBAUGJCVYJHZlcnNpb25YJG9iamVjdHNZJGFyY2hpdmVyVCR0b3ASAAGGoKgHCBMUFRYaIVUkbnVsbNMJCgsMDxJXTlMua2V5c1pOUy5vYmplY3RzViRjbGFzc6INDoACgAOiEBGABIAFgAdccmVsYXRpdmVQYXRoWWFsaWFzRGF0YV8QOy4uL21pc2MvTm9pc2UgQW5hbHlzaXMgb2YgRkVUIFRyYW5zaW1wZWRhbmNlIEFtcGxpZmllcnMucGRm0hcLGBlXTlMuZGF0YU8RAg4AAAAAAg4AAgAAA1NTRAAAAAAAAAAAAAAAAAAAAAAAAAAAAAAAANS+YDJIKwAAAIcVfB9Ob2lzZSBBbmFseXNpcyBvZiBGRSM4NzFCMEEucGRmAAAAAAAAAAAAAAAAAAAAAAAAAAAAAAAAAAAAAAAAAAAAhxsK1L9b5gAAAAAAAAAAAAEAAgAACSAAAAAAAAAAAAAAAAAAAAAEbWlzYwAQAAgAANS+UiIAAAARAAgAANS/TdYAAAABABQAhxV8AIcEuwAGLXcABi12AAJm/QACAFJTU0Q6VXNlcnM6AE9saXZpZXI6AERvY3VtZW50czoAZGlzc2VydGF0aW9uOgBtaXNjOgBOb2lzZSBBbmFseXNpcyBvZiBGRSM4NzFCMEEucGRmAA4AaAAzAE4AbwBpAHMAZQAgAEEAbgBhAGwAeQBzAGkAcwAgAG8AZgAgAEYARQBUACAAVAByAGEAbgBzAGkAbQBwAGUAZABhAG4AYwBlACAAQQBtAHAAbABpAGYAaQBlAHIAcwAuAHAAZABmAA8ACAADAFMAUwBEABIAXVVzZXJzL09saXZpZXIvRG9jdW1lbnRzL2Rpc3NlcnRhdGlvbi9taXNjL05vaXNlIEFuYWx5c2lzIG9mIEZFVCBUcmFuc2ltcGVkYW5jZSBBbXBsaWZpZXJzLnBkZgAAEwABLwAAFQACAA7//wAAgAbSGxwdHlokY2xhc3NuYW1lWCRjbGFzc2VzXU5TTXV0YWJsZURhdGGjHR8gVk5TRGF0YVhOU09iamVjdNIbHCIjXE5TRGljdGlvbmFyeaIiIF8QD05TS2V5ZWRBcmNoaXZlctEmJ1Ryb290gAEACAARABoAIwAtADIANwBAAEYATQBVAGAAZwBqAGwAbgBxAHMAdQB3AIQAjgDMANEA2QLrAu0C8gL9AwYDFAMYAx8DKAMtAzoDPQNPA1IDVwAAAAAAAAIBAAAAAAAAACgAAAAAAAAAAAAAAAAAAANZ}
}

@misc{F810APC-2000,
  date-added    = {2017-05-02 07:45:58 +0000},
  date-modified = {2017-05-25 08:47:11 +0000},
  howpublished  = {Datasheet},
  organization  = {Thorlabs},
  title         = {F810APC-2000},
  url           = {https://www.thorlabs.com/newgrouppage9.cfm?objectgroup_id=1337},
  bdsk-url-1    = {https://www.thorlabs.com/newgrouppage9.cfm?objectgroup_id=1337}
}

@misc{KeysightSupply,
  date-added    = {2017-04-29 16:14:52 +0000},
  date-modified = {2017-05-25 08:46:59 +0000},
  howpublished  = {Datasheet},
  organization  = {Keysight Technologies},
  title         = {E3640A -- E3649A Programmable DC Power Supplies},
  url           = {http://literature.cdn.keysight.com/litweb/pdf/5968-7355EN.pdf?id=1118372},
  bdsk-file-1   = {YnBsaXN0MDDUAQIDBAUGJCVYJHZlcnNpb25YJG9iamVjdHNZJGFyY2hpdmVyVCR0b3ASAAGGoKgHCBMUFRYaIVUkbnVsbNMJCgsMDxJXTlMua2V5c1pOUy5vYmplY3RzViRjbGFzc6INDoACgAOiEBGABIAFgAdccmVsYXRpdmVQYXRoWWFsaWFzRGF0YV8QGS4uL21pc2MvNTk2OC03MzU1RU4tMi5wZGbSFwsYGVdOUy5kYXRhTxEBmgAAAAABmgACAAADU1NEAAAAAAAAAAAAAAAAAAAAAAAAAAAAAAAA1L5gMkgrAAAAhxV8ETU5NjgtNzM1NUVOLTIucGRmAAAAAAAAAAAAAAAAAAAAAAAAAAAAAAAAAAAAAAAAAAAAAAAAAAAAAAAAAAAAAACbrQvVKoi+AAAAAAAAAAAAAQACAAAJIAAAAAAAAAAAAAAAAAAAAARtaXNjABAACAAA1L5SIgAAABEACAAA1SpsngAAAAEAFACHFXwAhwS7AAYtdwAGLXYAAmb9AAIARFNTRDpVc2VyczoAT2xpdmllcjoARG9jdW1lbnRzOgBkaXNzZXJ0YXRpb246AG1pc2M6ADU5NjgtNzM1NUVOLTIucGRmAA4AJAARADUAOQA2ADgALQA3ADMANQA1AEUATgAtADIALgBwAGQAZgAPAAgAAwBTAFMARAASADtVc2Vycy9PbGl2aWVyL0RvY3VtZW50cy9kaXNzZXJ0YXRpb24vbWlzYy81OTY4LTczNTVFTi0yLnBkZgAAEwABLwAAFQACAA7//wAAgAbSGxwdHlokY2xhc3NuYW1lWCRjbGFzc2VzXU5TTXV0YWJsZURhdGGjHR8gVk5TRGF0YVhOU09iamVjdNIbHCIjXE5TRGljdGlvbmFyeaIiIF8QD05TS2V5ZWRBcmNoaXZlctEmJ1Ryb290gAEACAARABoAIwAtADIANwBAAEYATQBVAGAAZwBqAGwAbgBxAHMAdQB3AIQAjgCqAK8AtwJVAlcCXAJnAnACfgKCAokCkgKXAqQCpwK5ArwCwQAAAAAAAAIBAAAAAAAAACgAAAAAAAAAAAAAAAAAAALD}
}

@misc{datasheet_PD,
  date-added    = {2017-04-15 17:51:56 +0000},
  date-modified = {2017-05-25 08:47:22 +0000},
  howpublished  = {Datasheet},
  organization  = {Hamamatsu},
  title         = {InGaAs PIN photodiodes (G12183)},
  url           = {https://www.hamamatsu.com/resources/pdf/ssd/g12183_series_kird1119e.pdf},
  bdsk-url-1    = {https://www.hamamatsu.com/resources/pdf/ssd/g12183_series_kird1119e.pdf}
}

@article{apodized-WMS,
  author        = {Seyedali Hosseinzadeh Salati and Alireza Khorsandi},
  date-added    = {2017-04-15 16:36:28 +0000},
  date-modified = {2017-04-15 17:57:12 +0000},
  journal       = {Applied Physics B},
  title         = {Apodized 2f/1f wavelength modulation spectroscopy method for calibration-free trace detection of carbon monoxide in the near-infrared region: theory and experiment},
  year          = {2014}
}

@techreport{LIA-GB-Armen,
  author        = {G. Bradley Armen},
  date-added    = {2017-04-14 09:32:24 +0000},
  date-modified = {2017-04-14 09:33:49 +0000},
  institution   = {University of Tennessee},
  title         = {Phase sensitive detection: the lock-in amplifier},
  year          = {2008},
  bdsk-file-1   = {YnBsaXN0MDDUAQIDBAUGJCVYJHZlcnNpb25YJG9iamVjdHNZJGFyY2hpdmVyVCR0b3ASAAGGoKgHCBMUFRYaIVUkbnVsbNMJCgsMDxJXTlMua2V5c1pOUy5vYmplY3RzViRjbGFzc6INDoACgAOiEBGABIAFgAdccmVsYXRpdmVQYXRoWWFsaWFzRGF0YV8QKC4uL21pc2MvTG9jay1JbiBBbXBsaWZpZXIgRXhwZXJpbWVudC5wZGbSFwsYGVdOUy5kYXRhTxEB1AAAAAAB1AACAAADU1NEAAAAAAAAAAAAAAAAAAAAAAAAAAAAAAAA1L5gMkgrAAAAhxV8H0xvY2stSW4gQW1wbGlmaWVyIEV4Izg3MUIwNi5wZGYAAAAAAAAAAAAAAAAAAAAAAAAAAAAAAAAAAAAAAAAAAACHGwbVGpTXAAAAAAAAAAAAAQACAAAJIAAAAAAAAAAAAAAAAAAAAARtaXNjABAACAAA1L5SIgAAABEACAAA1Rp4twAAAAEAFACHFXwAhwS7AAYtdwAGLXYAAmb9AAIAUlNTRDpVc2VyczoAT2xpdmllcjoARG9jdW1lbnRzOgBkaXNzZXJ0YXRpb246AG1pc2M6AExvY2stSW4gQW1wbGlmaWVyIEV4Izg3MUIwNi5wZGYADgBCACAATABvAGMAawAtAEkAbgAgAEEAbQBwAGwAaQBmAGkAZQByACAARQB4AHAAZQByAGkAbQBlAG4AdAAuAHAAZABmAA8ACAADAFMAUwBEABIASlVzZXJzL09saXZpZXIvRG9jdW1lbnRzL2Rpc3NlcnRhdGlvbi9taXNjL0xvY2stSW4gQW1wbGlmaWVyIEV4cGVyaW1lbnQucGRmABMAAS8AABUAAgAO//8AAIAG0hscHR5aJGNsYXNzbmFtZVgkY2xhc3Nlc11OU011dGFibGVEYXRhox0fIFZOU0RhdGFYTlNPYmplY3TSGxwiI1xOU0RpY3Rpb25hcnmiIiBfEA9OU0tleWVkQXJjaGl2ZXLRJidUcm9vdIABAAgAEQAaACMALQAyADcAQABGAE0AVQBgAGcAagBsAG4AcQBzAHUAdwCEAI4AuQC+AMYCngKgAqUCsAK5AscCywLSAtsC4ALtAvADAgMFAwoAAAAAAAACAQAAAAAAAAAoAAAAAAAAAAAAAAAAAAADDA==}
}

@techreport{LIA-SRS,
  date-added    = {2017-04-14 09:29:29 +0000},
  date-modified = {2017-04-14 09:32:17 +0000},
  institution   = {Stanford Research Systems},
  number        = {3},
  title         = {About Lock-In Amplifiers},
  type          = {Application Note},
  bdsk-file-1   = {YnBsaXN0MDDUAQIDBAUGJCVYJHZlcnNpb25YJG9iamVjdHNZJGFyY2hpdmVyVCR0b3ASAAGGoKgHCBMUFRYaIVUkbnVsbNMJCgsMDxJXTlMua2V5c1pOUy5vYmplY3RzViRjbGFzc6INDoACgAOiEBGABIAFgAdccmVsYXRpdmVQYXRoWWFsaWFzRGF0YV8QFS4uL21pc2MvQWJvdXRMSUFzLnBkZtIXCxgZV05TLmRhdGFPEQGKAAAAAAGKAAIAAANTU0QAAAAAAAAAAAAAAAAAAAAAAAAAAAAAAADUvmAySCsAAACHFXwNQWJvdXRMSUFzLnBkZgAAAAAAAAAAAAAAAAAAAAAAAAAAAAAAAAAAAAAAAAAAAAAAAAAAAAAAAAAAAAAAAAAAAIcaqtS/W84AAAAAAAAAAAABAAIAAAkgAAAAAAAAAAAAAAAAAAAABG1pc2MAEAAIAADUvlIiAAAAEQAIAADUv02+AAAAAQAUAIcVfACHBLsABi13AAYtdgACZv0AAgBAU1NEOlVzZXJzOgBPbGl2aWVyOgBEb2N1bWVudHM6AGRpc3NlcnRhdGlvbjoAbWlzYzoAQWJvdXRMSUFzLnBkZgAOABwADQBBAGIAbwB1AHQATABJAEEAcwAuAHAAZABmAA8ACAADAFMAUwBEABIAN1VzZXJzL09saXZpZXIvRG9jdW1lbnRzL2Rpc3NlcnRhdGlvbi9taXNjL0Fib3V0TElBcy5wZGYAABMAAS8AABUAAgAO//8AAIAG0hscHR5aJGNsYXNzbmFtZVgkY2xhc3Nlc11OU011dGFibGVEYXRhox0fIFZOU0RhdGFYTlNPYmplY3TSGxwiI1xOU0RpY3Rpb25hcnmiIiBfEA9OU0tleWVkQXJjaGl2ZXLRJidUcm9vdIABAAgAEQAaACMALQAyADcAQABGAE0AVQBgAGcAagBsAG4AcQBzAHUAdwCEAI4ApgCrALMCQQJDAkgCUwJcAmoCbgJ1An4CgwKQApMCpQKoAq0AAAAAAAACAQAAAAAAAAAoAAAAAAAAAAAAAAAAAAACrw==}
}

@techreport{LIA-Microchip,
  author        = {Darren Wenn},
  date-added    = {2017-04-14 09:27:38 +0000},
  date-modified = {2017-04-14 09:29:29 +0000},
  institution   = {Microchip Technology Inc.},
  number        = {AN1115},
  title         = {Implementing Digital Lock-In Amplifiers Using the dsPIC DSC},
  type          = {Application Note},
  year          = {2007},
  bdsk-file-1   = {YnBsaXN0MDDUAQIDBAUGJCVYJHZlcnNpb25YJG9iamVjdHNZJGFyY2hpdmVyVCR0b3ASAAGGoKgHCBMUFRYaIVUkbnVsbNMJCgsMDxJXTlMua2V5c1pOUy5vYmplY3RzViRjbGFzc6INDoACgAOiEBGABIAFgAdccmVsYXRpdmVQYXRoWWFsaWFzRGF0YV8QRy4uL21pc2MvSW1wbGVtZW50aW5nIERpZ2l0YWwgTG9jay1JbiBBbXBsaWZpZXJzIFVzaW5nIHRoZSBkc1BJQyBEU0MucGRm0hcLGBlXTlMuZGF0YU8RAjIAAAAAAjIAAgAAA1NTRAAAAAAAAAAAAAAAAAAAAAAAAAAAAAAAANS+YDJIKwAAAIcVfB9JbXBsZW1lbnRpbmcgRGlnaXRhbCM4NzFCMDQucGRmAAAAAAAAAAAAAAAAAAAAAAAAAAAAAAAAAAAAAAAAAAAAhxsE1L9b5gAAAAAAAAAAAAEAAgAACSAAAAAAAAAAAAAAAAAAAAAEbWlzYwAQAAgAANS+UiIAAAARAAgAANS/TdYAAAABABQAhxV8AIcEuwAGLXcABi12AAJm/QACAFJTU0Q6VXNlcnM6AE9saXZpZXI6AERvY3VtZW50czoAZGlzc2VydGF0aW9uOgBtaXNjOgBJbXBsZW1lbnRpbmcgRGlnaXRhbCM4NzFCMDQucGRmAA4AgAA/AEkAbQBwAGwAZQBtAGUAbgB0AGkAbgBnACAARABpAGcAaQB0AGEAbAAgAEwAbwBjAGsALQBJAG4AIABBAG0AcABsAGkAZgBpAGUAcgBzACAAVQBzAGkAbgBnACAAdABoAGUAIABkAHMAUABJAEMAIABEAFMAQwAuAHAAZABmAA8ACAADAFMAUwBEABIAaVVzZXJzL09saXZpZXIvRG9jdW1lbnRzL2Rpc3NlcnRhdGlvbi9taXNjL0ltcGxlbWVudGluZyBEaWdpdGFsIExvY2stSW4gQW1wbGlmaWVycyBVc2luZyB0aGUgZHNQSUMgRFNDLnBkZgAAEwABLwAAFQACAA7//wAAgAbSGxwdHlokY2xhc3NuYW1lWCRjbGFzc2VzXU5TTXV0YWJsZURhdGGjHR8gVk5TRGF0YVhOU09iamVjdNIbHCIjXE5TRGljdGlvbmFyeaIiIF8QD05TS2V5ZWRBcmNoaXZlctEmJ1Ryb290gAEACAARABoAIwAtADIANwBAAEYATQBVAGAAZwBqAGwAbgBxAHMAdQB3AIQAjgDYAN0A5QMbAx0DIgMtAzYDRANIA08DWANdA2oDbQN/A4IDhwAAAAAAAAIBAAAAAAAAACgAAAAAAAAAAAAAAAAAAAOJ}
}

@article{2f_derivative,
  author        = {R. Engelbrecht},
  date-added    = {2017-04-11 14:29:17 +0000},
  date-modified = {2017-04-29 11:48:54 +0000},
  journal       = {Spectrochimica Acta Part A Molecular and Biomolecular Spectroscopy},
  keywords      = {Tunable diode laser; Near infrared; Carbon monoxide; Carbon dioxide; Optical fiber; Noise analysis; Line shapes; Wavelength modulation spectroscopy},
  month         = {01},
  number        = {14},
  title         = {A compact NIR fiber-optic diode laser spectrometer for CO and CO2: analysis of observed 2f wavelength modulation spectroscopy line shapes},
  volume        = {60},
  year          = {2005}
}

@misc{PMF170XP,
  date-added    = {2017-03-29 11:42:06 +0000},
  date-modified = {2017-05-25 08:47:56 +0000},
  howpublished  = {Datasheet},
  month         = {10},
  note          = {Rev.\ 2},
  number        = {PMF170XP},
  organization  = {NXP Semiconductors},
  title         = {PMF170XP},
  year          = {2013},
  bdsk-file-1   = {YnBsaXN0MDDUAQIDBAUGJCVYJHZlcnNpb25YJG9iamVjdHNZJGFyY2hpdmVyVCR0b3ASAAGGoKgHCBMUFRYaIVUkbnVsbNMJCgsMDxJXTlMua2V5c1pOUy5vYmplY3RzViRjbGFzc6INDoACgAOiEBGABIAFgAdccmVsYXRpdmVQYXRoWWFsaWFzRGF0YV8QKi4uL2RhdGFzaGVldHMvZWxlY3Ryb25pY3MvREFDL1BNRjE3MFhQLnBkZtIXCxgZV05TLmRhdGFPEQG8AAAAAAG8AAIAAANTU0QAAAAAAAAAAAAAAAAAAAAAAAAAAAAAAADUvmAySCsAAACHF1IMUE1GMTcwWFAucGRmAAAAAAAAAAAAAAAAAAAAAAAAAAAAAAAAAAAAAAAAAAAAAAAAAAAAAAAAAAAAAAAAAAAAAIcXVdTRDD0AAAAAAAAAAAABAAQAAAkgAAAAAAAAAAAAAAAAAAAAA0RBQwAAEAAIAADUvlIiAAAAEQAIAADU0P4tAAAAAQAcAIcXUgCHF00AhxV3AIcEuwAGLXcABi12AAJm/QACAFdTU0Q6VXNlcnM6AE9saXZpZXI6AERvY3VtZW50czoAZGlzc2VydGF0aW9uOgBkYXRhc2hlZXRzOgBlbGVjdHJvbmljczoAREFDOgBQTUYxNzBYUC5wZGYAAA4AGgAMAFAATQBGADEANwAwAFgAUAAuAHAAZABmAA8ACAADAFMAUwBEABIATFVzZXJzL09saXZpZXIvRG9jdW1lbnRzL2Rpc3NlcnRhdGlvbi9kYXRhc2hlZXRzL2VsZWN0cm9uaWNzL0RBQy9QTUYxNzBYUC5wZGYAEwABLwAAFQACAA7//wAAgAbSGxwdHlokY2xhc3NuYW1lWCRjbGFzc2VzXU5TTXV0YWJsZURhdGGjHR8gVk5TRGF0YVhOU09iamVjdNIbHCIjXE5TRGljdGlvbmFyeaIiIF8QD05TS2V5ZWRBcmNoaXZlctEmJ1Ryb290gAEACAARABoAIwAtADIANwBAAEYATQBVAGAAZwBqAGwAbgBxAHMAdQB3AIQAjgC7AMAAyAKIAooCjwKaAqMCsQK1ArwCxQLKAtcC2gLsAu8C9AAAAAAAAAIBAAAAAAAAACgAAAAAAAAAAAAAAAAAAAL2}
}

@misc{LTC1152,
  date-added    = {2017-03-29 11:42:04 +0000},
  date-modified = {2017-05-25 08:47:34 +0000},
  howpublished  = {Datasheet},
  organization  = {Linear Technology},
  title         = {LTC1152},
  bdsk-file-1   = {YnBsaXN0MDDUAQIDBAUGJCVYJHZlcnNpb25YJG9iamVjdHNZJGFyY2hpdmVyVCR0b3ASAAGGoKgHCBMUFRYaIVUkbnVsbNMJCgsMDxJXTlMua2V5c1pOUy5vYmplY3RzViRjbGFzc6INDoACgAOiEBGABIAFgAdccmVsYXRpdmVQYXRoWWFsaWFzRGF0YV8QKC4uL2RhdGFzaGVldHMvZWxlY3Ryb25pY3MvREFDL2x0MTE1Mi5wZGbSFwsYGVdOUy5kYXRhTxEBtAAAAAABtAACAAADU1NEAAAAAAAAAAAAAAAAAAAAAAAAAAAAAAAA1L5gMkgrAAAAhxdSCmx0MTE1Mi5wZGYAAAAAAAAAAAAAAAAAAAAAAAAAAAAAAAAAAAAAAAAAAAAAAAAAAAAAAAAAAAAAAAAAAAAAAACgbzDVMVVsAAAAAAAAAAAAAQAEAAAJIAAAAAAAAAAAAAAAAAAAAANEQUMAABAACAAA1L5SIgAAABEACAAA1TE5TAAAAAEAHACHF1IAhxdNAIcVdwCHBLsABi13AAYtdgACZv0AAgBVU1NEOlVzZXJzOgBPbGl2aWVyOgBEb2N1bWVudHM6AGRpc3NlcnRhdGlvbjoAZGF0YXNoZWV0czoAZWxlY3Ryb25pY3M6AERBQzoAbHQxMTUyLnBkZgAADgAWAAoAbAB0ADEAMQA1ADIALgBwAGQAZgAPAAgAAwBTAFMARAASAEpVc2Vycy9PbGl2aWVyL0RvY3VtZW50cy9kaXNzZXJ0YXRpb24vZGF0YXNoZWV0cy9lbGVjdHJvbmljcy9EQUMvbHQxMTUyLnBkZgATAAEvAAAVAAIADv//AACABtIbHB0eWiRjbGFzc25hbWVYJGNsYXNzZXNdTlNNdXRhYmxlRGF0YaMdHyBWTlNEYXRhWE5TT2JqZWN00hscIiNcTlNEaWN0aW9uYXJ5oiIgXxAPTlNLZXllZEFyY2hpdmVy0SYnVHJvb3SAAQAIABEAGgAjAC0AMgA3AEAARgBNAFUAYABnAGoAbABuAHEAcwB1AHcAhACOALkAvgDGAn4CgAKFApACmQKnAqsCsgK7AsACzQLQAuIC5QLqAAAAAAAAAgEAAAAAAAAAKAAAAAAAAAAAAAAAAAAAAuw=}
}

@techreport{sine-wave-generation,
  date-added    = {2017-03-26 18:37:52 +0000},
  date-modified = {2017-05-09 10:32:51 +0000},
  institution   = {Texas Instruments},
  month         = {04},
  number        = {SNOA665C},
  title         = {Sine Wave Generation Techniques},
  year          = {2013}
}

@book{triangle-generator,
  author        = {W. Marshall Leach},
  date-added    = {2017-03-26 18:30:51 +0000},
  date-modified = {2017-03-26 18:32:03 +0000},
  edition       = {2},
  publisher     = {Kendall/Hunt},
  title         = {Introduction to Electroacoustics and Audio Amplifier Design: The Class-D Amplifier},
  year          = {2001},
  bdsk-file-1   = {YnBsaXN0MDDUAQIDBAUGJCVYJHZlcnNpb25YJG9iamVjdHNZJGFyY2hpdmVyVCR0b3ASAAGGoKgHCBMUFRYaIVUkbnVsbNMJCgsMDxJXTlMua2V5c1pOUy5vYmplY3RzViRjbGFzc6INDoACgAOiEBGABIAFgAdccmVsYXRpdmVQYXRoWWFsaWFzRGF0YV8QFS4uL21pc2MvQ2xhc3NEMi0yLnBkZtIXCxgZV05TLmRhdGFPEQGKAAAAAAGKAAIAAANTU0QAAAAAAAAAAAAAAAAAAAAAAAAAAAAAAADUvmAySCsAAACHFXwNQ2xhc3NEMi0yLnBkZgAAAAAAAAAAAAAAAAAAAAAAAAAAAAAAAAAAAAAAAAAAAAAAAAAAAAAAAAAAAAAAAAAAAIca0NT91coAAAAAAAAAAAABAAIAAAkgAAAAAAAAAAAAAAAAAAAABG1pc2MAEAAIAADUvlIiAAAAEQAIAADU/bmqAAAAAQAUAIcVfACHBLsABi13AAYtdgACZv0AAgBAU1NEOlVzZXJzOgBPbGl2aWVyOgBEb2N1bWVudHM6AGRpc3NlcnRhdGlvbjoAbWlzYzoAQ2xhc3NEMi0yLnBkZgAOABwADQBDAGwAYQBzAHMARAAyAC0AMgAuAHAAZABmAA8ACAADAFMAUwBEABIAN1VzZXJzL09saXZpZXIvRG9jdW1lbnRzL2Rpc3NlcnRhdGlvbi9taXNjL0NsYXNzRDItMi5wZGYAABMAAS8AABUAAgAO//8AAIAG0hscHR5aJGNsYXNzbmFtZVgkY2xhc3Nlc11OU011dGFibGVEYXRhox0fIFZOU0RhdGFYTlNPYmplY3TSGxwiI1xOU0RpY3Rpb25hcnmiIiBfEA9OU0tleWVkQXJjaGl2ZXLRJidUcm9vdIABAAgAEQAaACMALQAyADcAQABGAE0AVQBgAGcAagBsAG4AcQBzAHUAdwCEAI4ApgCrALMCQQJDAkgCUwJcAmoCbgJ1An4CgwKQApMCpQKoAq0AAAAAAAACAQAAAAAAAAAoAAAAAAAAAAAAAAAAAAACrw==}
}

@techreport{methane_concentration,
  author        = {T.J. Blasing},
  date-added    = {2017-03-18 16:14:55 +0000},
  date-modified = {2017-04-29 11:50:05 +0000},
  institution   = {Carbon Dioxide Information Analysis CEner},
  month         = {04},
  title         = {Recent Greenhouse Gas Concentrations},
  url           = {http://cdiac.ornl.gov/pns/current_ghg.html},
  year          = {2016},
  bdsk-url-1    = {http://cdiac.ornl.gov/pns/current_ghg.html}
}

@article{ruijun-lasers,
  author        = {Ruijun Wang and Stephan Sprengel and Aditya Malik and Anton Vasiliev and Gerhard Boehm Roel Baets and Markus-Christian Amann and Gunther Roelkens},
  date-added    = {2017-03-18 15:37:19 +0000},
  date-modified = {2017-04-29 11:49:31 +0000},
  journal       = {Applied Physics Letters},
  month         = {12},
  title         = {Heterogeneously integrated III--V-on-silicon 2.3x µm distributed feedback lasers based on a type-II active region},
  url           = {http://www.photonics.intec.ugent.be/download/pub_3832.pdf},
  year          = {2016},
  bdsk-url-1    = {http://www.photonics.intec.ugent.be/download/pub_3832.pdf}
}

@misc{2004nmDFB,
  date-added    = {2017-03-18 11:08:31 +0000},
  date-modified = {2017-05-25 11:11:25 +0000},
  howpublished  = {Datasheet},
  number        = {"EP2004-DM-B"},
  organization  = {Eblana Photonics},
  title         = {{DFB} Laser 2004\,nm},
  url           = {http://www.frlaserco.com/uploads/files/20160707164325_EP2004-DM-B.pdf},
  bdsk-url-1    = {http://www.frlaserco.com/uploads/files/20160707164325_EP2004-DM-B.pdf}
}

@misc{hitran,
  author        = {HITRAN},
  date-added    = {2017-03-18 10:00:55 +0000},
  date-modified = {2017-03-18 11:22:04 +0000},
  howpublished  = {\url{http://hitran.iao.ru/home}},
  title         = {Online Database}
}

@article{OSA-freq-int-modulation,
  author        = {St{\'e}phane Schilt and Luc Th{\'e}venaz and Philippe Robert},
  date-added    = {2017-03-13 19:36:57 +0000},
  date-modified = {2017-04-29 11:50:27 +0000},
  journal       = {Applied Optics},
  month         = {11},
  number        = {33},
  title         = {Wavelength Modulation Spectroscopy: Combined Frequency and Intensity Laser Modulation},
  volume        = {42},
  year          = {2003}
}

@book{spectrochemical-analysis,
  author        = {James D. Ingle and Stanley R. Crouch},
  date-added    = {2017-03-09 22:54:18 +0000},
  date-modified = {2017-03-09 22:55:57 +0000},
  publisher     = {Prentice Hall},
  title         = {Spectrochemical Analysis},
  year          = {1988}
}

@article{misunderstanding-voigt,
  author        = {Xianglei Huang and Yuk Ling Yung},
  date-added    = {2017-03-09 22:52:23 +0000},
  date-modified = {2017-03-09 22:54:16 +0000},
  journal       = {Journal of the Atmospheric Sciences},
  title         = {A Common Misunderstanding about the Voigt Line Profile},
  volume        = {61},
  year          = {2003}
}

@article{abs-spec-status-and-potential,
  author        = {A. Foltynowicz and F.M. Schmidt and W. Ma and O. Axner},
  date-added    = {2017-03-08 08:56:11 +0000},
  date-modified = {2017-03-08 08:58:09 +0000},
  journal       = {Applied Physics B},
  pages         = {313-326},
  read          = {1},
  title         = {Noise-immune cavity-enhanced optical heterodyne molecular spectroscopy: Current status and future potential},
  volume        = {92},
  year          = {2008}
}

@article{CO2-food-sensors,
  author        = {Pradeep Puligundla and Junho Jung and Sanghoon Ko},
  date-added    = {2017-03-04 14:12:02 +0000},
  date-modified = {2017-03-04 14:14:28 +0000},
  journal       = {Food Control},
  number        = {1},
  pages         = {328-333},
  title         = {Carbon dioxide sensors for intelligent food packaging applications},
  volume        = {25},
  year          = {2012},
  bdsk-file-1   = {YnBsaXN0MDDUAQIDBAUGJCVYJHZlcnNpb25YJG9iamVjdHNZJGFyY2hpdmVyVCR0b3ASAAGGoKgHCBMUFRYaIVUkbnVsbNMJCgsMDxJXTlMua2V5c1pOUy5vYmplY3RzViRjbGFzc6INDoACgAOiEBGABIAFgAdccmVsYXRpdmVQYXRoWWFsaWFzRGF0YV8QGi4uL21pc2MvMTAuMS4xLjQ1OS4zODcucGRm0hcLGBlXTlMuZGF0YU8RAZ4AAAAAAZ4AAgAAA1NTRAAAAAAAAAAAAAAAAAAAAAAAAAAAAAAAANS+YDJIKwAAAIcVfBIxMC4xLjEuNDU5LjM4Ny5wZGYAAAAAAAAAAAAAAAAAAAAAAAAAAAAAAAAAAAAAAAAAAAAAAAAAAAAAAAAAAAAAhxqj1OCKYQAAAAAAAAAAAAEAAgAACSAAAAAAAAAAAAAAAAAAAAAEbWlzYwAQAAgAANS+UiIAAAARAAgAANTgfFEAAAABABQAhxV8AIcEuwAGLXcABi12AAJm/QACAEVTU0Q6VXNlcnM6AE9saXZpZXI6AERvY3VtZW50czoAZGlzc2VydGF0aW9uOgBtaXNjOgAxMC4xLjEuNDU5LjM4Ny5wZGYAAA4AJgASADEAMAAuADEALgAxAC4ANAA1ADkALgAzADgANwAuAHAAZABmAA8ACAADAFMAUwBEABIAPFVzZXJzL09saXZpZXIvRG9jdW1lbnRzL2Rpc3NlcnRhdGlvbi9taXNjLzEwLjEuMS40NTkuMzg3LnBkZgATAAEvAAAVAAIADv//AACABtIbHB0eWiRjbGFzc25hbWVYJGNsYXNzZXNdTlNNdXRhYmxlRGF0YaMdHyBWTlNEYXRhWE5TT2JqZWN00hscIiNcTlNEaWN0aW9uYXJ5oiIgXxAPTlNLZXllZEFyY2hpdmVy0SYnVHJvb3SAAQAIABEAGgAjAC0AMgA3AEAARgBNAFUAYABnAGoAbABuAHEAcwB1AHcAhACOAKsAsAC4AloCXAJhAmwCdQKDAocCjgKXApwCqQKsAr4CwQLGAAAAAAAAAgEAAAAAAAAAKAAAAAAAAAAAAAAAAAAAAsg=}
}

@article{CO2-food-preservation,
  author        = {James A. Daniels and Rajagoplan Krishnamurthi and Syed S. H. Rizvi},
  date-added    = {2017-03-04 14:01:59 +0000},
  date-modified = {2017-03-04 14:06:39 +0000},
  doing         = {10.4315/0362-028X-48.6.532},
  journal       = {Journal of Food Protection},
  number        = {8},
  pages         = {532-537},
  title         = {A Review of Effects of Carbon Dioxide on Microbial Growth and Food Quality},
  volume        = {48},
  year          = {1985}
}

@book{nederhoff1994effects,
  author        = {Nederhoff, Elly M},
  date-added    = {2017-03-04 13:44:36 +0000},
  date-modified = {2017-03-04 13:45:16 +0000},
  publisher     = {Nederhoff},
  title         = {Effects of CO2 concentration on photosynthesis, transpiration and production of greenhouse fruit vegetable crops.},
  year          = {1994},
  bdsk-file-1   = {YnBsaXN0MDDUAQIDBAUGJCVYJHZlcnNpb25YJG9iamVjdHNZJGFyY2hpdmVyVCR0b3ASAAGGoKgHCBMUFRYaIVUkbnVsbNMJCgsMDxJXTlMua2V5c1pOUy5vYmplY3RzViRjbGFzc6INDoACgAOiEBGABIAFgAdccmVsYXRpdmVQYXRoWWFsaWFzRGF0YV8QIi4uL21pc2MvZWRlcG90aW5fdDRmOTBiNTc3XzAwMS5wZGbSFwsYGVdOUy5kYXRhTxEBvgAAAAABvgACAAADU1NEAAAAAAAAAAAAAAAAAAAAAAAAAAAAAAAA1L5gMkgrAAAAhxV8GmVkZXBvdGluX3Q0ZjkwYjU3N18wMDEucGRmAAAAAAAAAAAAAAAAAAAAAAAAAAAAAAAAAAAAAAAAAAAAAAAAAACHGt3U4IOBAAAAAAAAAAAAAQACAAAJIAAAAAAAAAAAAAAAAAAAAARtaXNjABAACAAA1L5SIgAAABEACAAA1OB1cQAAAAEAFACHFXwAhwS7AAYtdwAGLXYAAmb9AAIATVNTRDpVc2VyczoAT2xpdmllcjoARG9jdW1lbnRzOgBkaXNzZXJ0YXRpb246AG1pc2M6AGVkZXBvdGluX3Q0ZjkwYjU3N18wMDEucGRmAAAOADYAGgBlAGQAZQBwAG8AdABpAG4AXwB0ADQAZgA5ADAAYgA1ADcANwBfADAAMAAxAC4AcABkAGYADwAIAAMAUwBTAEQAEgBEVXNlcnMvT2xpdmllci9Eb2N1bWVudHMvZGlzc2VydGF0aW9uL21pc2MvZWRlcG90aW5fdDRmOTBiNTc3XzAwMS5wZGYAEwABLwAAFQACAA7//wAAgAbSGxwdHlokY2xhc3NuYW1lWCRjbGFzc2VzXU5TTXV0YWJsZURhdGGjHR8gVk5TRGF0YVhOU09iamVjdNIbHCIjXE5TRGljdGlvbmFyeaIiIF8QD05TS2V5ZWRBcmNoaXZlctEmJ1Ryb290gAEACAARABoAIwAtADIANwBAAEYATQBVAGAAZwBqAGwAbgBxAHMAdQB3AIQAjgCzALgAwAKCAoQCiQKUAp0CqwKvArYCvwLEAtEC1ALmAukC7gAAAAAAAAIBAAAAAAAAACgAAAAAAAAAAAAAAAAAAALw}
}

@article{2f-theory-experiment,
  author        = {J. Reid and D. Labrie},
  date-added    = {2016-12-08 19:25:45 +0000},
  date-modified = {2016-12-08 19:27:34 +0000},
  journal       = {Applied Physics},
  pages         = {203-210},
  title         = {Second-Harmonic Detection with Tunable Diode Lasers - Comparison of Experiment and Theory},
  year          = {1981},
  bdsk-file-1   = {YnBsaXN0MDDUAQIDBAUGJCVYJHZlcnNpb25YJG9iamVjdHNZJGFyY2hpdmVyVCR0b3ASAAGGoKgHCBMUFRYaIVUkbnVsbNMJCgsMDxJXTlMua2V5c1pOUy5vYmplY3RzViRjbGFzc6INDoACgAOiEBGABIAFgAdccmVsYXRpdmVQYXRoWWFsaWFzRGF0YV8QZC4uL21pc2MvZG9jc2xpZGUudXNfc2Vjb25kLWhhcm1vbmljLWRldGVjdGlvbi13aXRoLXR1bmFibGUtZGlvZGUtbGFzZXJzLWNvbXBhcmlzb24tb2YtZXhwZXJpbWVudC5wZGbSFwsYGVdOUy5kYXRhTxECiAAAAAACiAACAAADU1NEAAAAAAAAAAAAAAAAAAAAAAAAAAAAAAAA1L5gMkgrAAAAhxV8H2RvY3NsaWRlLnVzX3NlY29uZC1oIzg3MUFEMi5wZGYAAAAAAAAAAAAAAAAAAAAAAAAAAAAAAAAAAAAAAAAAAACHGtLUv1vmAAAAAAAAAAAAAQACAAAJIAAAAAAAAAAAAAAAAAAAAARtaXNjABAACAAA1L5SIgAAABEACAAA1L9N1gAAAAEAFACHFXwAhwS7AAYtdwAGLXYAAmb9AAIAUlNTRDpVc2VyczoAT2xpdmllcjoARG9jdW1lbnRzOgBkaXNzZXJ0YXRpb246AG1pc2M6AGRvY3NsaWRlLnVzX3NlY29uZC1oIzg3MUFEMi5wZGYADgC6AFwAZABvAGMAcwBsAGkAZABlAC4AdQBzAF8AcwBlAGMAbwBuAGQALQBoAGEAcgBtAG8AbgBpAGMALQBkAGUAdABlAGMAdABpAG8AbgAtAHcAaQB0AGgALQB0AHUAbgBhAGIAbABlAC0AZABpAG8AZABlAC0AbABhAHMAZQByAHMALQBjAG8AbQBwAGEAcgBpAHMAbwBuAC0AbwBmAC0AZQB4AHAAZQByAGkAbQBlAG4AdAAuAHAAZABmAA8ACAADAFMAUwBEABIAhlVzZXJzL09saXZpZXIvRG9jdW1lbnRzL2Rpc3NlcnRhdGlvbi9taXNjL2RvY3NsaWRlLnVzX3NlY29uZC1oYXJtb25pYy1kZXRlY3Rpb24td2l0aC10dW5hYmxlLWRpb2RlLWxhc2Vycy1jb21wYXJpc29uLW9mLWV4cGVyaW1lbnQucGRmABMAAS8AABUAAgAO//8AAIAG0hscHR5aJGNsYXNzbmFtZVgkY2xhc3Nlc11OU011dGFibGVEYXRhox0fIFZOU0RhdGFYTlNPYmplY3TSGxwiI1xOU0RpY3Rpb25hcnmiIiBfEA9OU0tleWVkQXJjaGl2ZXLRJidUcm9vdIABAAgAEQAaACMALQAyADcAQABGAE0AVQBgAGcAagBsAG4AcQBzAHUAdwCEAI4A9QD6AQIDjgOQA5UDoAOpA7cDuwPCA8sD0APdA+AD8gP1A/oAAAAAAAACAQAAAAAAAAAoAAAAAAAAAAAAAAAAAAAD/A==}
}

@article{WMSnthHarmnoicnthDerivative,
  author        = {Kevin Duffin and Andrew James McGettrick and Walter Johnstone and George Stewart and David G. Moodie},
  date-added    = {2016-11-30 20:38:33 +0000},
  date-modified = {2017-04-29 11:50:22 +0000},
  journal       = {JOURNAL OF LIGHTWAVE TECHNOLOGY},
  keywords      = {Calibration free, industrial processes, tunable- diode-laser spectroscopy (TDLS), wavelength-modulation spectroscopy (WMS)},
  month         = {10},
  number        = {10},
  pages         = {3114-3125},
  read          = {1},
  title         = {Tunable Diode-Laser Spectroscopy With Wavelength Modulation: A Calibration-Free Approach to the Recovery of Absolute Gas Absorption Line Shapes},
  volume        = {25},
  year          = {2007},
  bdsk-file-1   = {YnBsaXN0MDDUAQIDBAUGJCVYJHZlcnNpb25YJG9iamVjdHNZJGFyY2hpdmVyVCR0b3ASAAGGoKgHCBMUFRYaIVUkbnVsbNMJCgsMDxJXTlMua2V5c1pOUy5vYmplY3RzViRjbGFzc6INDoACgAOiEBGABIAFgAdccmVsYXRpdmVQYXRoWWFsaWFzRGF0YV8QFC4uL21pc2MvMDQzNDY2MTAucGRm0hcLGBlXTlMuZGF0YU8RAYYAAAAAAYYAAgAAA1NTRAAAAAAAAAAAAAAAAAAAAAAAAAAAAAAAANS+YDJIKwAAAIcVfAwwNDM0NjYxMC5wZGYAAAAAAAAAAAAAAAAAAAAAAAAAAAAAAAAAAAAAAAAAAAAAAAAAAAAAAAAAAAAAAAAAAAAAhxqg1L9bzgAAAAAAAAAAAAEAAgAACSAAAAAAAAAAAAAAAAAAAAAEbWlzYwAQAAgAANS+UiIAAAARAAgAANS/Tb4AAAABABQAhxV8AIcEuwAGLXcABi12AAJm/QACAD9TU0Q6VXNlcnM6AE9saXZpZXI6AERvY3VtZW50czoAZGlzc2VydGF0aW9uOgBtaXNjOgAwNDM0NjYxMC5wZGYAAA4AGgAMADAANAAzADQANgA2ADEAMAAuAHAAZABmAA8ACAADAFMAUwBEABIANlVzZXJzL09saXZpZXIvRG9jdW1lbnRzL2Rpc3NlcnRhdGlvbi9taXNjLzA0MzQ2NjEwLnBkZgATAAEvAAAVAAIADv//AACABtIbHB0eWiRjbGFzc25hbWVYJGNsYXNzZXNdTlNNdXRhYmxlRGF0YaMdHyBWTlNEYXRhWE5TT2JqZWN00hscIiNcTlNEaWN0aW9uYXJ5oiIgXxAPTlNLZXllZEFyY2hpdmVy0SYnVHJvb3SAAQAIABEAGgAjAC0AMgA3AEAARgBNAFUAYABnAGoAbABuAHEAcwB1AHcAhACOAKUAqgCyAjwCPgJDAk4CVwJlAmkCcAJ5An4CiwKOAqACowKoAAAAAAAAAgEAAAAAAAAAKAAAAAAAAAAAAAAAAAAAAqo=}
}

@misc{JFET-noise-chars,
  annote        = {Interesting discussion of different n-JFETs and their equivalent input noise voltage.},
  author        = {Dimitri Danyuk},
  date-added    = {2016-11-20 19:54:52 +0000},
  date-modified = {2016-11-20 19:56:01 +0000},
  howpublished  = {\url{http://electronicdesign.com/power/measurements-rate-smt-low-voltage-n-jfets-under-consistent-conditions}},
  month         = {April},
  read          = {0},
  title         = {Measurements Rate SMT Low-Voltage n-JFETs Under Consistent Conditions},
  year          = {2013}
}

@article{WMSMeasMethodology,
  author        = {Hejie Li and Gregory B. Rieker and Xiang Liu and Jay B. Jeffries and Ronald K. Hanson},
  date-added    = {2016-11-02 15:57:05 +0000},
  date-modified = {2017-04-29 12:11:16 +0000},
  journal       = {Applied Optics},
  month         = {02},
  number        = {5},
  title         = {Extension of wavelength-modulation spectroscopy to large modulation depth for diode laser absorption measurements in high-pressure gases},
  volume        = {45},
  year          = {2006},
  bdsk-file-1   = {YnBsaXN0MDDUAQIDBAUGJCVYJHZlcnNpb25YJG9iamVjdHNZJGFyY2hpdmVyVCR0b3ASAAGGoKgHCBMUFRYaIVUkbnVsbNMJCgsMDxJXTlMua2V5c1pOUy5vYmplY3RzViRjbGFzc6INDoACgAOiEBGABIAFgAdccmVsYXRpdmVQYXRoWWFsaWFzRGF0YV8Q0i4uL21pc2MvQXBwbGllZCBPcHRpY3MgVm9sdW1lIDQ1IGlzc3VlIDUgMjAwNiBbZG9pIDEwLjEzNjRfQU8uNDUuMDAxMDUyXSBMaSwgSGVqaWU7IFJpZWtlciwgR3JlZ29yeSBCLjsgTGl1LCBYaWFuZzsgSmVmZnJpZXMsIEpheSBCLjsgSGFuIC0tIEV4dGVuc2lvbiBvZiB3YXZlbGVuZ3RoLW1vZHVsYXRpb24gc3BlY3Ryb3Njb3B5IHRvIGxhcmdlIG1vZHVsYXRpLnBkZtIXCxgZV05TLmRhdGFPEQPSAAAAAAPSAAIAAANTU0QAAAAAAAAAAAAAAAAAAAAAAAAAAAAAAADUvmAySCsAAACHFXwfQXBwbGllZCBPcHRpY3MgVm9sdW0jODcxQUM1LnBkZgAAAAAAAAAAAAAAAAAAAAAAAAAAAAAAAAAAAAAAAAAAAIcaxdS/W84AAAAAAAAAAAABAAIAAAkgAAAAAAAAAAAAAAAAAAAABG1pc2MAEAAIAADUvlIiAAAAEQAIAADUv02+AAAAAQAUAIcVfACHBLsABi13AAYtdgACZv0AAgBSU1NEOlVzZXJzOgBPbGl2aWVyOgBEb2N1bWVudHM6AGRpc3NlcnRhdGlvbjoAbWlzYzoAQXBwbGllZCBPcHRpY3MgVm9sdW0jODcxQUM1LnBkZgAOAZYAygBBAHAAcABsAGkAZQBkACAATwBwAHQAaQBjAHMAIABWAG8AbAB1AG0AZQAgADQANQAgAGkAcwBzAHUAZQAgADUAIAAyADAAMAA2ACAAWwBkAG8AaQAgADEAMAAuADEAMwA2ADQAXwBBAE8ALgA0ADUALgAwADAAMQAwADUAMgBdACAATABpACwAIABIAGUAagBpAGUAOwAgAFIAaQBlAGsAZQByACwAIABHAHIAZQBnAG8AcgB5ACAAQgAuADsAIABMAGkAdQAsACAAWABpAGEAbgBnADsAIABKAGUAZgBmAHIAaQBlAHMALAAgAEoAYQB5ACAAQgAuADsAIABIAGEAbgAgAC0ALQAgAEUAeAB0AGUAbgBzAGkAbwBuACAAbwBmACAAdwBhAHYAZQBsAGUAbgBnAHQAaAAtAG0AbwBkAHUAbABhAHQAaQBvAG4AIABzAHAAZQBjAHQAcgBvAHMAYwBvAHAAeQAgAHQAbwAgAGwAYQByAGcAZQAgAG0AbwBkAHUAbABhAHQAaQAuAHAAZABmAA8ACAADAFMAUwBEABIA9FVzZXJzL09saXZpZXIvRG9jdW1lbnRzL2Rpc3NlcnRhdGlvbi9taXNjL0FwcGxpZWQgT3B0aWNzIFZvbHVtZSA0NSBpc3N1ZSA1IDIwMDYgW2RvaSAxMC4xMzY0X0FPLjQ1LjAwMTA1Ml0gTGksIEhlamllOyBSaWVrZXIsIEdyZWdvcnkgQi47IExpdSwgWGlhbmc7IEplZmZyaWVzLCBKYXkgQi47IEhhbiAtLSBFeHRlbnNpb24gb2Ygd2F2ZWxlbmd0aC1tb2R1bGF0aW9uIHNwZWN0cm9zY29weSB0byBsYXJnZSBtb2R1bGF0aS5wZGYAEwABLwAAFQACAA7//wAAgAbSGxwdHlokY2xhc3NuYW1lWCRjbGFzc2VzXU5TTXV0YWJsZURhdGGjHR8gVk5TRGF0YVhOU09iamVjdNIbHCIjXE5TRGljdGlvbmFyeaIiIF8QD05TS2V5ZWRBcmNoaXZlctEmJ1Ryb290gAEACAARABoAIwAtADIANwBAAEYATQBVAGAAZwBqAGwAbgBxAHMAdQB3AIQAjgFjAWgBcAVGBUgFTQVYBWEFbwVzBXoFgwWIBZUFmAWqBa0FsgAAAAAAAAIBAAAAAAAAACgAAAAAAAAAAAAAAAAAAAW0}
}

@article{TDLASVelocity,
  annote        = {https://www.researchgate.net/publication/6579726_Evaluation_of_Tunable_Diode_Laser_Absorption_Spectroscopy_for_in-process_water_vapor_mass_flux_measurement_during_freeze_drying},
  author        = {Henning Gieseler and William Kessler and Michael Finson and Steven J Davis and Phillip A Mulhall and Vincent Bons and David J Debo and Michael J Pikal},
  date-added    = {2016-11-01 18:12:04 +0000},
  date-modified = {2017-04-29 11:49:20 +0000},
  journal       = {Journal of Pharmaceutical Sciences},
  month         = {07},
  number        = {7},
  title         = {Evaluation of Tunable Diode Laser Absorption Spectroscopy for in-process water vapor mass flux measurement during freeze drying},
  volume        = {97},
  year          = {2007}
}

@article{WMSTemperature,
  author        = {Zhechao Qu and Ramin Ghorbani and Damir Valiev and Florian M. Schmidt},
  date-added    = {2016-11-01 18:11:57 +0000},
  date-modified = {2017-04-29 12:12:59 +0000},
  journal       = {Optics Express},
  month         = {06},
  number        = {12},
  title         = {Calibration-free scanned wavelength modulation spectroscopy -- application to H2O and temperature sensing in flames},
  volume        = {23},
  year          = {2015},
  bdsk-file-1   = {YnBsaXN0MDDUAQIDBAUGJCVYJHZlcnNpb25YJG9iamVjdHNZJGFyY2hpdmVyVCR0b3ASAAGGoKgHCBMUFRYaIVUkbnVsbNMJCgsMDxJXTlMua2V5c1pOUy5vYmplY3RzViRjbGFzc6INDoACgAOiEBGABIAFgAdccmVsYXRpdmVQYXRoWWFsaWFzRGF0YV8QGi4uL21pc2Mvb2UtMjMtMTItMTY0OTIucGRm0hcLGBlXTlMuZGF0YU8RAZ4AAAAAAZ4AAgAAA1NTRAAAAAAAAAAAAAAAAAAAAAAAAAAAAAAAANS+YDJIKwAAAIcVfBJvZS0yMy0xMi0xNjQ5Mi5wZGYAAAAAAAAAAAAAAAAAAAAAAAAAAAAAAAAAAAAAAAAAAAAAAAAAAAAAAAAAAAAAhxsO1L9b5gAAAAAAAAAAAAEAAgAACSAAAAAAAAAAAAAAAAAAAAAEbWlzYwAQAAgAANS+UiIAAAARAAgAANS/TdYAAAABABQAhxV8AIcEuwAGLXcABi12AAJm/QACAEVTU0Q6VXNlcnM6AE9saXZpZXI6AERvY3VtZW50czoAZGlzc2VydGF0aW9uOgBtaXNjOgBvZS0yMy0xMi0xNjQ5Mi5wZGYAAA4AJgASAG8AZQAtADIAMwAtADEAMgAtADEANgA0ADkAMgAuAHAAZABmAA8ACAADAFMAUwBEABIAPFVzZXJzL09saXZpZXIvRG9jdW1lbnRzL2Rpc3NlcnRhdGlvbi9taXNjL29lLTIzLTEyLTE2NDkyLnBkZgATAAEvAAAVAAIADv//AACABtIbHB0eWiRjbGFzc25hbWVYJGNsYXNzZXNdTlNNdXRhYmxlRGF0YaMdHyBWTlNEYXRhWE5TT2JqZWN00hscIiNcTlNEaWN0aW9uYXJ5oiIgXxAPTlNLZXllZEFyY2hpdmVy0SYnVHJvb3SAAQAIABEAGgAjAC0AMgA3AEAARgBNAFUAYABnAGoAbABuAHEAcwB1AHcAhACOAKsAsAC4AloCXAJhAmwCdQKDAocCjgKXApwCqQKsAr4CwQLGAAAAAAAAAgEAAAAAAAAAKAAAAAAAAAAAAAAAAAAAAsg=}
}

@article{OpticalGasSensingReview,
  abstract      = {The detection and measurement of gas concentrations using the characteristic optical absorption of the gas species is important for both understanding and monitoring a variety of phenomena from industrial processes to environmental change. This study reviews the field, covering several individual gas detection techniques including non-dispersive infrared, spectrophotometry, tunable diode laser spectroscopy and photoacoustic spectroscopy. We present the basis for each technique, recent developments in methods and performance limitations. The technology available to support this field, in terms of key components such as light sources and gas cells, has advanced rapidly in recent years and we discuss these new developments. Finally, we present a performance comparison of different techniques, taking data reported over the preceding decade, and draw conclusions from this benchmarking.},
  annote        = {http://iopscience.iop.org/article/10.1088/0957-0233/24/1/012004/meta;jsessionid=D015B2BA54FDCC5281FADA410BE694CF.c3.iopscience.cld.iop.org},
  author        = {Jane Hodgkinson and Ralph P Tatam},
  date-added    = {2016-10-26 12:45:36 +0000},
  date-modified = {2016-10-26 12:50:05 +0000},
  institution   = {Department of Engineering Photonics, School of Engineering, Cranfield University, Cranfield, Bedfordshire MK43 0AL, UK},
  journal       = {Meas. Sci. Technol.},
  number        = {012004},
  read          = {1},
  title         = {Optical gas sensing: a review},
  volume        = {24},
  year          = {2013},
  bdsk-file-1   = {YnBsaXN0MDDUAQIDBAUGJCVYJHZlcnNpb25YJG9iamVjdHNZJGFyY2hpdmVyVCR0b3ASAAGGoKgHCBMUFRYaIVUkbnVsbNMJCgsMDxJXTlMua2V5c1pOUy5vYmplY3RzViRjbGFzc6INDoACgAOiEBGABIAFgAdccmVsYXRpdmVQYXRoWWFsaWFzRGF0YV8QJy4uL21pc2MvT3B0aWNhbCBhcyBTZW5zaW5nIGEgUmV2aWV3LnBkZtIXCxgZV05TLmRhdGFPEQHSAAAAAAHSAAIAAANTU0QAAAAAAAAAAAAAAAAAAAAAAAAAAAAAAADUvmAySCsAAACHFXwfT3B0aWNhbCBhcyBTZW5zaW5nIGEgUmV2aWV3LnBkZgAAAAAAAAAAAAAAAAAAAAAAAAAAAAAAAAAAAAAAAAAAAIcbEdS/W+YAAAAAAAAAAAABAAIAAAkgAAAAAAAAAAAAAAAAAAAABG1pc2MAEAAIAADUvlIiAAAAEQAIAADUv03WAAAAAQAUAIcVfACHBLsABi13AAYtdgACZv0AAgBSU1NEOlVzZXJzOgBPbGl2aWVyOgBEb2N1bWVudHM6AGRpc3NlcnRhdGlvbjoAbWlzYzoAT3B0aWNhbCBhcyBTZW5zaW5nIGEgUmV2aWV3LnBkZgAOAEAAHwBPAHAAdABpAGMAYQBsACAAYQBzACAAUwBlAG4AcwBpAG4AZwAgAGEAIABSAGUAdgBpAGUAdwAuAHAAZABmAA8ACAADAFMAUwBEABIASVVzZXJzL09saXZpZXIvRG9jdW1lbnRzL2Rpc3NlcnRhdGlvbi9taXNjL09wdGljYWwgYXMgU2Vuc2luZyBhIFJldmlldy5wZGYAABMAAS8AABUAAgAO//8AAIAG0hscHR5aJGNsYXNzbmFtZVgkY2xhc3Nlc11OU011dGFibGVEYXRhox0fIFZOU0RhdGFYTlNPYmplY3TSGxwiI1xOU0RpY3Rpb25hcnmiIiBfEA9OU0tleWVkQXJjaGl2ZXLRJidUcm9vdIABAAgAEQAaACMALQAyADcAQABGAE0AVQBgAGcAagBsAG4AcQBzAHUAdwCEAI4AuAC9AMUCmwKdAqICrQK2AsQCyALPAtgC3QLqAu0C/wMCAwcAAAAAAAACAQAAAAAAAAAoAAAAAAAAAAAAAAAAAAADCQ==}
}

@mastersthesis{RiekerDissertation,
  author        = {Gregory Brian Rieker},
  date-added    = {2016-09-29 17:35:28 +0000},
  date-modified = {2017-04-29 11:50:32 +0000},
  month         = {05},
  school        = {Stanford University},
  title         = {Wavelength-modulation Spectroscopy for Measurements of Gas Temperature and Concentration in Harsh Environments},
  year          = {2006},
  bdsk-file-1   = {YnBsaXN0MDDUAQIDBAUGJCVYJHZlcnNpb25YJG9iamVjdHNZJGFyY2hpdmVyVCR0b3ASAAGGoKgHCBMUFRYaIVUkbnVsbNMJCgsMDxJXTlMua2V5c1pOUy5vYmplY3RzViRjbGFzc6INDoACgAOiEBGABIAFgAdccmVsYXRpdmVQYXRoWWFsaWFzRGF0YV8QJC4uL21pc2MvUmlla2VyXzIwMDktRGlzc2VydGF0aW9uLnBkZtIXCxgZV05TLmRhdGFPEQHGAAAAAAHGAAIAAANTU0QAAAAAAAAAAAAAAAAAAAAAAAAAAAAAAADUvmAySCsAAACHFXwcUmlla2VyXzIwMDktRGlzc2VydGF0aW9uLnBkZgAAAAAAAAAAAAAAAAAAAAAAAAAAAAAAAAAAAAAAAAAAAAAAAIcbFNS/W+YAAAAAAAAAAAABAAIAAAkgAAAAAAAAAAAAAAAAAAAABG1pc2MAEAAIAADUvlIiAAAAEQAIAADUv03WAAAAAQAUAIcVfACHBLsABi13AAYtdgACZv0AAgBPU1NEOlVzZXJzOgBPbGl2aWVyOgBEb2N1bWVudHM6AGRpc3NlcnRhdGlvbjoAbWlzYzoAUmlla2VyXzIwMDktRGlzc2VydGF0aW9uLnBkZgAADgA6ABwAUgBpAGUAawBlAHIAXwAyADAAMAA5AC0ARABpAHMAcwBlAHIAdABhAHQAaQBvAG4ALgBwAGQAZgAPAAgAAwBTAFMARAASAEZVc2Vycy9PbGl2aWVyL0RvY3VtZW50cy9kaXNzZXJ0YXRpb24vbWlzYy9SaWVrZXJfMjAwOS1EaXNzZXJ0YXRpb24ucGRmABMAAS8AABUAAgAO//8AAIAG0hscHR5aJGNsYXNzbmFtZVgkY2xhc3Nlc11OU011dGFibGVEYXRhox0fIFZOU0RhdGFYTlNPYmplY3TSGxwiI1xOU0RpY3Rpb25hcnmiIiBfEA9OU0tleWVkQXJjaGl2ZXLRJidUcm9vdIABAAgAEQAaACMALQAyADcAQABGAE0AVQBgAGcAagBsAG4AcQBzAHUAdwCEAI4AtQC6AMICjAKOApMCngKnArUCuQLAAskCzgLbAt4C8ALzAvgAAAAAAAACAQAAAAAAAAAoAAAAAAAAAAAAAAAAAAAC+g==}
}
