%% This BibTeX bibliography file was created using BibDesk.
%% http://bibdesk.sourceforge.net/

%% Created for Olivier Pieters at 2017-06-02 15:25:47 +0200 


%% Saved with string encoding Unicode (UTF-8) 



@misc{ADN8831,
	Date-Added = {2017-06-02 13:25:24 +0000},
	Date-Modified = {2017-06-02 13:25:46 +0000},
	Howpublished = {Datasheet},
	Title = {Thermoelectric Cooler (TEC) Controller},
	Url = {http://www.analog.com/media/en/technical-documentation/data-sheets/ADN8831.pdf},
	Year = {2012}}

@misc{NCP3065,
	Date-Added = {2017-06-02 13:24:19 +0000},
	Date-Modified = {2017-06-02 13:25:08 +0000},
	Howpublished = {Datasheet},
	Title = {NCP3065, NCV3065: Up to 1.5 A Constant Current Switching Regulator for LEDs},
	Url = {https://www.onsemi.com/pub/Collateral/NCP3065.PDF},
	Year = {2009}}

@misc{LTC1659,
	Date-Added = {2017-06-02 13:21:55 +0000},
	Date-Modified = {2017-06-02 13:22:54 +0000},
	Howpublished = {Datasheet},
	Title = {LTC1659 12-Bit Rail-to-Rail Micropower DAC in MSOP Package},
	Url = {http://cds.linear.com/docs/en/datasheet/1659fa.pdf},
	Year = {1997}}

@misc{LMH6629,
	Date-Added = {2017-06-02 12:30:28 +0000},
	Date-Modified = {2017-06-02 12:30:50 +0000},
	Howpublished = {Datasheet},
	Title = {LMH6629 Ultra-Low Noise, High-Speed Operational Amplifier with Shutdown},
	Url = {http://www.ti.com/lit/ds/symlink/lmh6629.pdf},
	Year = {2014}}

@misc{LT6200,
	Date-Added = {2017-06-02 12:28:16 +0000},
	Date-Modified = {2017-06-02 12:29:15 +0000},
	Howpublished = {Datasheet},
	Title = {LT6200/LT6200-5 and LT6200-10/LT6201},
	Url = {http://cds.linear.com/docs/en/datasheet/62001ff.pdf},
	Year = {2002}}

@misc{LT6230,
	Date-Added = {2017-06-02 12:25:54 +0000},
	Date-Modified = {2017-06-02 12:27:19 +0000},
	Howpublished = {Datasheet},
	Organization = {Linear Technology},
	Title = {LT6230/LT6230-10 and LT6231/LT6232},
	Url = {http://cds.linear.com/docs/en/datasheet/623012fc.pdf},
	Year = {2003},
	Bdsk-File-1 = {YnBsaXN0MDDUAQIDBAUGJCVYJHZlcnNpb25YJG9iamVjdHNZJGFyY2hpdmVyVCR0b3ASAAGGoKgHCBMUFRYaIVUkbnVsbNMJCgsMDxJXTlMua2V5c1pOUy5vYmplY3RzViRjbGFzc6INDoACgAOiEBGABIAFgAdccmVsYXRpdmVQYXRoWWFsaWFzRGF0YV8QKi4uL2RhdGFzaGVldHMvZWxlY3Ryb25pY3MvVElBLzYyMzAxMmZjLnBkZtIXCxgZV05TLmRhdGFPEQG8AAAAAAG8AAIAAANTU0QAAAAAAAAAAAAAAAAAAAAAAAAAAAAAAADUvmAySCsAAACHF1kMNjIzMDEyZmMucGRmAAAAAAAAAAAAAAAAAAAAAAAAAAAAAAAAAAAAAAAAAAAAAAAAAAAAAAAAAAAAAAAAAAAAAIcXW9S/W4QAAAAAAAAAAAABAAQAAAkgAAAAAAAAAAAAAAAAAAAAA1RJQQAAEAAIAADUvlIiAAAAEQAIAADUv010AAAAAQAcAIcXWQCHF00AhxV3AIcEuwAGLXcABi12AAJm/QACAFdTU0Q6VXNlcnM6AE9saXZpZXI6AERvY3VtZW50czoAZGlzc2VydGF0aW9uOgBkYXRhc2hlZXRzOgBlbGVjdHJvbmljczoAVElBOgA2MjMwMTJmYy5wZGYAAA4AGgAMADYAMgAzADAAMQAyAGYAYwAuAHAAZABmAA8ACAADAFMAUwBEABIATFVzZXJzL09saXZpZXIvRG9jdW1lbnRzL2Rpc3NlcnRhdGlvbi9kYXRhc2hlZXRzL2VsZWN0cm9uaWNzL1RJQS82MjMwMTJmYy5wZGYAEwABLwAAFQACAA7//wAAgAbSGxwdHlokY2xhc3NuYW1lWCRjbGFzc2VzXU5TTXV0YWJsZURhdGGjHR8gVk5TRGF0YVhOU09iamVjdNIbHCIjXE5TRGljdGlvbmFyeaIiIF8QD05TS2V5ZWRBcmNoaXZlctEmJ1Ryb290gAEACAARABoAIwAtADIANwBAAEYATQBVAGAAZwBqAGwAbgBxAHMAdQB3AIQAjgC7AMAAyAKIAooCjwKaAqMCsQK1ArwCxQLKAtcC2gLsAu8C9AAAAAAAAAIBAAAAAAAAACgAAAAAAAAAAAAAAAAAAAL2}}

@url{reflection-lens,
	Date-Added = {2017-06-01 14:38:51 +0000},
	Date-Modified = {2017-06-01 14:40:21 +0000},
	Lastchecked = {2017-05-31},
	Title = {Thorlabds' Standard Broadband AR Coatings},
	Url = {https://www.thorlabs.com/newgrouppage9.cfm?objectgroup_id=1337}}

@misc{TEC,
	Date-Added = {2017-05-25 08:42:22 +0000},
	Date-Modified = {2017-05-25 08:43:55 +0000},
	Howpublished = {Datasheet},
	Organization = {Thorlabs},
	Title = {T-Cube TEC Controller (TTC001)},
	Year = {2008}}

@techreport{CO2-levels,
	Date-Added = {2017-05-21 23:26:53 +0000},
	Date-Modified = {2017-05-21 23:29:48 +0000},
	Institution = {Scripps Institution of Oceanography},
	Title = {The Keeling Curve},
	Url = {https://scripps.ucsd.edu/programs/keelingcurve/},
	Year = {2017},
	Bdsk-Url-1 = {https://scripps.ucsd.edu/programs/keelingcurve/}}

@url{CO-levels,
	Date-Added = {2017-05-21 23:22:01 +0000},
	Date-Modified = {2017-05-25 09:10:40 +0000},
	Lastchecked = {22 May 2017},
	Month = {05},
	Title = {Carbon monoxide},
	Url = {https://www.cdc.gov/niosh/idlh/630080.html},
	Urldate = {2014-12-04},
	Year = {2017},
	Bdsk-Url-1 = {https://www.cdc.gov/niosh/idlh/630080.html}}

@misc{uc_datasheet,
	Annote = {DC specs: section 25!},
	Date-Added = {2017-05-17 15:55:21 +0000},
	Date-Modified = {2017-05-25 08:46:46 +0000},
	Howpublished = {Datasheet},
	Organization = {Microchip},
	Title = {dsPIC33FJXXXGPX06A/X08A/X10A},
	Year = {2012},
	Bdsk-File-1 = {YnBsaXN0MDDUAQIDBAUGJCVYJHZlcnNpb25YJG9iamVjdHNZJGFyY2hpdmVyVCR0b3ASAAGGoKgHCBMUFRYaIVUkbnVsbNMJCgsMDxJXTlMua2V5c1pOUy5vYmplY3RzViRjbGFzc6INDoACgAOiEBGABIAFgAdccmVsYXRpdmVQYXRoWWFsaWFzRGF0YV8QMS4uL2V4cGxvcmVyLTE2L21pY3JvY29udHJvbGxlci1kb2NzL0RhdGFzaGVldC5wZGbSFwsYGVdOUy5kYXRhTxEB2AAAAAAB2AACAAADU1NEAAAAAAAAAAAAAAAAAAAAAAAAAAAAAAAA1L5gMkgrAAAAhxmwDURhdGFzaGVldC5wZGYAAAAAAAAAAAAAAAAAAAAAAAAAAAAAAAAAAAAAAAAAAAAAAAAAAAAAAAAAAAAAAAAAAACHGcfUv1vOAAAAAAAAAAAAAQADAAAJIAAAAAAAAAAAAAAAAAAAABRtaWNyb2NvbnRyb2xsZXItZG9jcwAQAAgAANS+UiIAAAARAAgAANS/Tb4AAAABABgAhxmwAIcVegCHBLsABi13AAYtdgACZv0AAgBdU1NEOlVzZXJzOgBPbGl2aWVyOgBEb2N1bWVudHM6AGRpc3NlcnRhdGlvbjoAZXhwbG9yZXItMTY6AG1pY3JvY29udHJvbGxlci1kb2NzOgBEYXRhc2hlZXQucGRmAAAOABwADQBEAGEAdABhAHMAaABlAGUAdAAuAHAAZABmAA8ACAADAFMAUwBEABIAU1VzZXJzL09saXZpZXIvRG9jdW1lbnRzL2Rpc3NlcnRhdGlvbi9leHBsb3Jlci0xNi9taWNyb2NvbnRyb2xsZXItZG9jcy9EYXRhc2hlZXQucGRmAAATAAEvAAAVAAIADv//AACABtIbHB0eWiRjbGFzc25hbWVYJGNsYXNzZXNdTlNNdXRhYmxlRGF0YaMdHyBWTlNEYXRhWE5TT2JqZWN00hscIiNcTlNEaWN0aW9uYXJ5oiIgXxAPTlNLZXllZEFyY2hpdmVy0SYnVHJvb3SAAQAIABEAGgAjAC0AMgA3AEAARgBNAFUAYABnAGoAbABuAHEAcwB1AHcAhACOAMIAxwDPAqsCrQKyAr0CxgLUAtgC3wLoAu0C+gL9Aw8DEgMXAAAAAAAAAgEAAAAAAAAAKAAAAAAAAAAAAAAAAAAAAxk=}}

@phdthesis{Spiral,
	Author = {Eva Ryckeboer},
	Date-Added = {2017-05-13 18:22:06 +0000},
	Date-Modified = {2017-05-13 18:22:47 +0000},
	School = {Ghent University},
	Title = {Spectroscopic detection of glucose with a silicon photonic integrated circuit},
	Year = {2014}}

@article{GasAbsorptionFit,
	Author = {Christopher S. Goldenstein and Christopher L. Strand and Ian A. Schultz and Kai Sun and Jay B. Jeffries and Ronald K. Hanson},
	Date-Added = {2017-05-12 16:02:56 +0000},
	Date-Modified = {2017-05-12 16:04:43 +0000},
	Journal = {Applied Optics},
	Month = {01},
	Number = {3},
	Title = {Fitting of calibration-free scanned-wavelength- modulation spectroscopy spectra for determination of gas properties and absorption lineshapes},
	Volume = {53},
	Year = {2014},
	Bdsk-File-1 = {YnBsaXN0MDDUAQIDBAUGJCVYJHZlcnNpb25YJG9iamVjdHNZJGFyY2hpdmVyVCR0b3ASAAGGoKgHCBMUFRYaIVUkbnVsbNMJCgsMDxJXTlMua2V5c1pOUy5vYmplY3RzViRjbGFzc6INDoACgAOiEBGABIAFgAdccmVsYXRpdmVQYXRoWWFsaWFzRGF0YV8Q0i4uL21pc2MvQXBwbGllZCBPcHRpY3MgVm9sdW1lIDUzIGlzc3VlIDMgMjAxNCBbZG9pIDEwLjEzNjRfQU8uNTMuMDAwMzU2XSBHb2xkZW5zdGVpbiwgQ2hyaXN0b3BoZXIgUy47IFN0cmFuZCwgQ2hyaXN0b3BoZXIgTC47IFNjaHVsdHosIElhIC0tIEZpdHRpbmcgb2YgY2FsaWJyYXRpb24tZnJlZSBzY2FubmVkLXdhdmVsZW5ndGgtbW9kdWxhdGlvbiBzcGVjdHJvLnBkZtIXCxgZV05TLmRhdGFPEQPSAAAAAAPSAAIAAANTU0QAAAAAAAAAAAAAAAAAAAAAAAAAAAAAAADUvmAySCsAAACHFXwfQXBwbGllZCBPcHRpY3MgVm9sdW0jODcxQUM2LnBkZgAAAAAAAAAAAAAAAAAAAAAAAAAAAAAAAAAAAAAAAAAAAIcaxtS/W84AAAAAAAAAAAABAAIAAAkgAAAAAAAAAAAAAAAAAAAABG1pc2MAEAAIAADUvlIiAAAAEQAIAADUv02+AAAAAQAUAIcVfACHBLsABi13AAYtdgACZv0AAgBSU1NEOlVzZXJzOgBPbGl2aWVyOgBEb2N1bWVudHM6AGRpc3NlcnRhdGlvbjoAbWlzYzoAQXBwbGllZCBPcHRpY3MgVm9sdW0jODcxQUM2LnBkZgAOAZYAygBBAHAAcABsAGkAZQBkACAATwBwAHQAaQBjAHMAIABWAG8AbAB1AG0AZQAgADUAMwAgAGkAcwBzAHUAZQAgADMAIAAyADAAMQA0ACAAWwBkAG8AaQAgADEAMAAuADEAMwA2ADQAXwBBAE8ALgA1ADMALgAwADAAMAAzADUANgBdACAARwBvAGwAZABlAG4AcwB0AGUAaQBuACwAIABDAGgAcgBpAHMAdABvAHAAaABlAHIAIABTAC4AOwAgAFMAdAByAGEAbgBkACwAIABDAGgAcgBpAHMAdABvAHAAaABlAHIAIABMAC4AOwAgAFMAYwBoAHUAbAB0AHoALAAgAEkAYQAgAC0ALQAgAEYAaQB0AHQAaQBuAGcAIABvAGYAIABjAGEAbABpAGIAcgBhAHQAaQBvAG4ALQBmAHIAZQBlACAAcwBjAGEAbgBuAGUAZAAtAHcAYQB2AGUAbABlAG4AZwB0AGgALQBtAG8AZAB1AGwAYQB0AGkAbwBuACAAcwBwAGUAYwB0AHIAbwAuAHAAZABmAA8ACAADAFMAUwBEABIA9FVzZXJzL09saXZpZXIvRG9jdW1lbnRzL2Rpc3NlcnRhdGlvbi9taXNjL0FwcGxpZWQgT3B0aWNzIFZvbHVtZSA1MyBpc3N1ZSAzIDIwMTQgW2RvaSAxMC4xMzY0X0FPLjUzLjAwMDM1Nl0gR29sZGVuc3RlaW4sIENocmlzdG9waGVyIFMuOyBTdHJhbmQsIENocmlzdG9waGVyIEwuOyBTY2h1bHR6LCBJYSAtLSBGaXR0aW5nIG9mIGNhbGlicmF0aW9uLWZyZWUgc2Nhbm5lZC13YXZlbGVuZ3RoLW1vZHVsYXRpb24gc3BlY3Ryby5wZGYAEwABLwAAFQACAA7//wAAgAbSGxwdHlokY2xhc3NuYW1lWCRjbGFzc2VzXU5TTXV0YWJsZURhdGGjHR8gVk5TRGF0YVhOU09iamVjdNIbHCIjXE5TRGljdGlvbmFyeaIiIF8QD05TS2V5ZWRBcmNoaXZlctEmJ1Ryb290gAEACAARABoAIwAtADIANwBAAEYATQBVAGAAZwBqAGwAbgBxAHMAdQB3AIQAjgFjAWgBcAVGBUgFTQVYBWEFbwVzBXoFgwWIBZUFmAWqBa0FsgAAAAAAAAIBAAAAAAAAACgAAAAAAAAAAAAAAAAAAAW0}}

@article{lm-fitting,
	Author = {Kenneth Levenberg},
	Date-Added = {2017-05-11 17:08:44 +0000},
	Date-Modified = {2017-05-11 17:13:00 +0000},
	Journal = {Quarterly of Applied Mathematics},
	Number = {2},
	Pages = {164-168},
	Title = {A Method for the Solution of Certain Non-Linear Problems in Least Squares},
	Url = {http://www.jstor.org/stable/43633451},
	Volume = {2},
	Year = {1944},
	Bdsk-Url-1 = {http://www.jstor.org/stable/43633451}}

@techreport{DiffOpAmps,
	Author = {James Karki},
	Date-Added = {2017-05-09 17:49:00 +0000},
	Date-Modified = {2017-05-09 17:50:21 +0000},
	Institution = {Texas Instruments},
	Month = {09},
	Number = {SLOA054},
	Title = {Fully-Differential Amplifiers},
	Year = {2016},
	Bdsk-File-1 = {YnBsaXN0MDDUAQIDBAUGJCVYJHZlcnNpb25YJG9iamVjdHNZJGFyY2hpdmVyVCR0b3ASAAGGoKgHCBMUFRYaIVUkbnVsbNMJCgsMDxJXTlMua2V5c1pOUy5vYmplY3RzViRjbGFzc6INDoACgAOiEBGABIAFgAdccmVsYXRpdmVQYXRoWWFsaWFzRGF0YV8QFC4uL21pc2Mvc2xvYTA1NGUucGRm0hcLGBlXTlMuZGF0YU8RAYYAAAAAAYYAAgAAA1NTRAAAAAAAAAAAAAAAAAAAAAAAAAAAAAAAANS+YDJIKwAAAIcVfAxzbG9hMDU0ZS5wZGYAAAAAAAAAAAAAAAAAAAAAAAAAAAAAAAAAAAAAAAAAAAAAAAAAAAAAAAAAAAAAAAAAAAAAhxsd1L9b5gAAAAAAAAAAAAEAAgAACSAAAAAAAAAAAAAAAAAAAAAEbWlzYwAQAAgAANS+UiIAAAARAAgAANS/TdYAAAABABQAhxV8AIcEuwAGLXcABi12AAJm/QACAD9TU0Q6VXNlcnM6AE9saXZpZXI6AERvY3VtZW50czoAZGlzc2VydGF0aW9uOgBtaXNjOgBzbG9hMDU0ZS5wZGYAAA4AGgAMAHMAbABvAGEAMAA1ADQAZQAuAHAAZABmAA8ACAADAFMAUwBEABIANlVzZXJzL09saXZpZXIvRG9jdW1lbnRzL2Rpc3NlcnRhdGlvbi9taXNjL3Nsb2EwNTRlLnBkZgATAAEvAAAVAAIADv//AACABtIbHB0eWiRjbGFzc25hbWVYJGNsYXNzZXNdTlNNdXRhYmxlRGF0YaMdHyBWTlNEYXRhWE5TT2JqZWN00hscIiNcTlNEaWN0aW9uYXJ5oiIgXxAPTlNLZXllZEFyY2hpdmVy0SYnVHJvb3SAAQAIABEAGgAjAC0AMgA3AEAARgBNAFUAYABnAGoAbABuAHEAcwB1AHcAhACOAKUAqgCyAjwCPgJDAk4CVwJlAmkCcAJ5An4CiwKOAqACowKoAAAAAAAAAgEAAAAAAAAAKAAAAAAAAAAAAAAAAAAAAqo=}}

@misc{AD7687,
	Date-Added = {2017-05-09 17:33:17 +0000},
	Date-Modified = {2017-05-25 08:45:55 +0000},
	Edition = {Rev E},
	Howpublished = {Datasheet},
	Organization = {Analog Devices},
	Title = {AD7687},
	Year = {2015},
	Bdsk-File-1 = {YnBsaXN0MDDUAQIDBAUGJCVYJHZlcnNpb25YJG9iamVjdHNZJGFyY2hpdmVyVCR0b3ASAAGGoKgHCBMUFRYaIVUkbnVsbNMJCgsMDxJXTlMua2V5c1pOUy5vYmplY3RzViRjbGFzc6INDoACgAOiEBGABIAFgAdccmVsYXRpdmVQYXRoWWFsaWFzRGF0YV8QKC4uL2RhdGFzaGVldHMvZWxlY3Ryb25pY3MvQURDL0FENzY4Ny5wZGbSFwsYGVdOUy5kYXRhTxEBtAAAAAABtAACAAADU1NEAAAAAAAAAAAAAAAAAAAAAAAAAAAAAAAA1L5gMkgrAAAAhxdPCkFENzY4Ny5wZGYAAAAAAAAAAAAAAAAAAAAAAAAAAAAAAAAAAAAAAAAAAAAAAAAAAAAAAAAAAAAAAAAAAAAAAACHF1DU/cAnAAAAAAAAAAAAAQAEAAAJIAAAAAAAAAAAAAAAAAAAAANBREMAABAACAAA1L5SIgAAABEACAAA1P2kBwAAAAEAHACHF08AhxdNAIcVdwCHBLsABi13AAYtdgACZv0AAgBVU1NEOlVzZXJzOgBPbGl2aWVyOgBEb2N1bWVudHM6AGRpc3NlcnRhdGlvbjoAZGF0YXNoZWV0czoAZWxlY3Ryb25pY3M6AEFEQzoAQUQ3Njg3LnBkZgAADgAWAAoAQQBEADcANgA4ADcALgBwAGQAZgAPAAgAAwBTAFMARAASAEpVc2Vycy9PbGl2aWVyL0RvY3VtZW50cy9kaXNzZXJ0YXRpb24vZGF0YXNoZWV0cy9lbGVjdHJvbmljcy9BREMvQUQ3Njg3LnBkZgATAAEvAAAVAAIADv//AACABtIbHB0eWiRjbGFzc25hbWVYJGNsYXNzZXNdTlNNdXRhYmxlRGF0YaMdHyBWTlNEYXRhWE5TT2JqZWN00hscIiNcTlNEaWN0aW9uYXJ5oiIgXxAPTlNLZXllZEFyY2hpdmVy0SYnVHJvb3SAAQAIABEAGgAjAC0AMgA3AEAARgBNAFUAYABnAGoAbABuAHEAcwB1AHcAhACOALkAvgDGAn4CgAKFApACmQKnAqsCsgK7AsACzQLQAuIC5QLqAAAAAAAAAgEAAAAAAAAAKAAAAAAAAAAAAAAAAAAAAuw=}}

@misc{THS4130,
	Date-Added = {2017-05-09 17:16:58 +0000},
	Date-Modified = {2017-05-25 08:48:19 +0000},
	Howpublished = {Datasheet},
	Month = {08},
	Organization = {Texas Instruments},
	Title = {THS413x High-Speed, Low-Noise, Fully-Differential I/OAmplifiers},
	Year = {2015},
	Bdsk-File-1 = {YnBsaXN0MDDUAQIDBAUGJCVYJHZlcnNpb25YJG9iamVjdHNZJGFyY2hpdmVyVCR0b3ASAAGGoKgHCBMUFRYaIVUkbnVsbNMJCgsMDxJXTlMua2V5c1pOUy5vYmplY3RzViRjbGFzc6INDoACgAOiEBGABIAFgAdccmVsYXRpdmVQYXRoWWFsaWFzRGF0YV8QKS4uL2RhdGFzaGVldHMvZWxlY3Ryb25pY3MvQURDL3RoczQxMzAucGRm0hcLGBlXTlMuZGF0YU8RAbgAAAAAAbgAAgAAA1NTRAAAAAAAAAAAAAAAAAAAAAAAAAAAAAAAANS+YDJIKwAAAIcXTwt0aHM0MTMwLnBkZgAAAAAAAAAAAAAAAAAAAAAAAAAAAAAAAAAAAAAAAAAAAAAAAAAAAAAAAAAAAAAAAAAAAAAAhxdR1L9begAAAAAAAAAAAAEABAAACSAAAAAAAAAAAAAAAAAAAAADQURDAAAQAAgAANS+UiIAAAARAAgAANS/TWoAAAABABwAhxdPAIcXTQCHFXcAhwS7AAYtdwAGLXYAAmb9AAIAVlNTRDpVc2VyczoAT2xpdmllcjoARG9jdW1lbnRzOgBkaXNzZXJ0YXRpb246AGRhdGFzaGVldHM6AGVsZWN0cm9uaWNzOgBBREM6AHRoczQxMzAucGRmAA4AGAALAHQAaABzADQAMQAzADAALgBwAGQAZgAPAAgAAwBTAFMARAASAEtVc2Vycy9PbGl2aWVyL0RvY3VtZW50cy9kaXNzZXJ0YXRpb24vZGF0YXNoZWV0cy9lbGVjdHJvbmljcy9BREMvdGhzNDEzMC5wZGYAABMAAS8AABUAAgAO//8AAIAG0hscHR5aJGNsYXNzbmFtZVgkY2xhc3Nlc11OU011dGFibGVEYXRhox0fIFZOU0RhdGFYTlNPYmplY3TSGxwiI1xOU0RpY3Rpb25hcnmiIiBfEA9OU0tleWVkQXJjaGl2ZXLRJidUcm9vdIABAAgAEQAaACMALQAyADcAQABGAE0AVQBgAGcAagBsAG4AcQBzAHUAdwCEAI4AugC/AMcCgwKFAooClQKeAqwCsAK3AsACxQLSAtUC5wLqAu8AAAAAAAACAQAAAAAAAAAoAAAAAAAAAAAAAAAAAAAC8Q==}}

@misc{GFT_LTSpice,
	Author = {Frank Wiedmann},
	Date-Added = {2017-05-09 15:53:28 +0000},
	Date-Modified = {2017-05-09 19:19:55 +0000},
	Howpublished = {\url{https://sites.google.com/site/frankwiedmann/loopgain}},
	Month = {03},
	Title = {Loop Gain Simulation},
	Year = {2017},
	Bdsk-File-1 = {YnBsaXN0MDDUAQIDBAUGJCVYJHZlcnNpb25YJG9iamVjdHNZJGFyY2hpdmVyVCR0b3ASAAGGoKgHCBMUFRYaIVUkbnVsbNMJCgsMDxJXTlMua2V5c1pOUy5vYmplY3RzViRjbGFzc6INDoACgAOiEBGABIAFgAdccmVsYXRpdmVQYXRoWWFsaWFzRGF0YV8QFy4uL21pc2MvR0ZUL0dGVF9MVHNwaWNl0hcLGBlXTlMuZGF0YU8RAZAAAAAAAZAAAgABA1NTRAAAAAAAAAAAAAAAAAAAAAAAAAAAAAAAANS+YDJIKwAAAIca3gtHRlRfTFRzcGljZQAAAAAAAAAAAAAAAAAAAAAAAAAAAAAAAAAAAAAAAAAAAAAAAAAAAAAAAAAAAAAAAAAAAAAAhxrg1N39DAAAAAAAAAAAAAEAAwAACSAAAAAAAAAAAAAAAAAAAAADR0ZUAAAQAAgAANS+UiIAAAARAAgAANTd7vwAAAABABgAhxreAIcVfACHBLsABi13AAYtdgACZv0AAgBDU1NEOlVzZXJzOgBPbGl2aWVyOgBEb2N1bWVudHM6AGRpc3NlcnRhdGlvbjoAbWlzYzoAR0ZUOgBHRlRfTFRzcGljZQAADgAYAAsARwBGAFQAXwBMAFQAcwBwAGkAYwBlAA8ACAADAFMAUwBEABIAOVVzZXJzL09saXZpZXIvRG9jdW1lbnRzL2Rpc3NlcnRhdGlvbi9taXNjL0dGVC9HRlRfTFRzcGljZQAAEwABLwAAFQACAA7//wAAgAbSGxwdHlokY2xhc3NuYW1lWCRjbGFzc2VzXU5TTXV0YWJsZURhdGGjHR8gVk5TRGF0YVhOU09iamVjdNIbHCIjXE5TRGljdGlvbmFyeaIiIF8QD05TS2V5ZWRBcmNoaXZlctEmJ1Ryb290gAEACAARABoAIwAtADIANwBAAEYATQBVAGAAZwBqAGwAbgBxAHMAdQB3AIQAjgCoAK0AtQJJAksCUAJbAmQCcgJ2An0ChgKLApgCmwKtArACtQAAAAAAAAIBAAAAAAAAACgAAAAAAAAAAAAAAAAAAAK3}}

@manual{GFT_manual,
	Author = {Dr. R.D. Middlebrook},
	Date-Added = {2017-05-09 15:50:31 +0000},
	Date-Modified = {2017-05-09 15:52:34 +0000},
	Title = {GFT Template User's Manual v.1.0},
	Url = {http://www.rdmiddlebrook.com},
	Bdsk-File-1 = {YnBsaXN0MDDUAQIDBAUGJCVYJHZlcnNpb25YJG9iamVjdHNZJGFyY2hpdmVyVCR0b3ASAAGGoKgHCBMUFRYaIVUkbnVsbNMJCgsMDxJXTlMua2V5c1pOUy5vYmplY3RzViRjbGFzc6INDoACgAOiEBGABIAFgAdccmVsYXRpdmVQYXRoWWFsaWFzRGF0YV8QGS4uL21pc2MvR0ZUL0dGVE1hbnVhbC5wZGbSFwsYGVdOUy5kYXRhTxEBmAAAAAABmAACAAADU1NEAAAAAAAAAAAAAAAAAAAAAAAAAAAAAAAA1L5gMkgrAAAAhxreDUdGVE1hbnVhbC5wZGYAAAAAAAAAAAAAAAAAAAAAAAAAAAAAAAAAAAAAAAAAAAAAAAAAAAAAAAAAAAAAAAAAAACHGvnU3h+dAAAAAAAAAAAAAQADAAAJIAAAAAAAAAAAAAAAAAAAAANHRlQAABAACAAA1L5SIgAAABEACAAA1N4RjQAAAAEAGACHGt4AhxV8AIcEuwAGLXcABi12AAJm/QACAEVTU0Q6VXNlcnM6AE9saXZpZXI6AERvY3VtZW50czoAZGlzc2VydGF0aW9uOgBtaXNjOgBHRlQ6AEdGVE1hbnVhbC5wZGYAAA4AHAANAEcARgBUAE0AYQBuAHUAYQBsAC4AcABkAGYADwAIAAMAUwBTAEQAEgA7VXNlcnMvT2xpdmllci9Eb2N1bWVudHMvZGlzc2VydGF0aW9uL21pc2MvR0ZUL0dGVE1hbnVhbC5wZGYAABMAAS8AABUAAgAO//8AAIAG0hscHR5aJGNsYXNzbmFtZVgkY2xhc3Nlc11OU011dGFibGVEYXRhox0fIFZOU0RhdGFYTlNPYmplY3TSGxwiI1xOU0RpY3Rpb25hcnmiIiBfEA9OU0tleWVkQXJjaGl2ZXLRJidUcm9vdIABAAgAEQAaACMALQAyADcAQABGAE0AVQBgAGcAagBsAG4AcQBzAHUAdwCEAI4AqgCvALcCUwJVAloCZQJuAnwCgAKHApAClQKiAqUCtwK6Ar8AAAAAAAACAQAAAAAAAAAoAAAAAAAAAAAAAAAAAAACwQ==}}

@techreport{VGA_design,
	Date-Added = {2017-05-09 11:45:17 +0000},
	Date-Modified = {2017-05-09 11:46:20 +0000},
	Institution = {Analog Devices},
	Number = {MT-072},
	Title = {Precision Variable Gain Amplifiers (VGAs)},
	Year = {2009},
	Bdsk-File-1 = {YnBsaXN0MDDUAQIDBAUGJCVYJHZlcnNpb25YJG9iamVjdHNZJGFyY2hpdmVyVCR0b3ASAAGGoKgHCBMUFRYaIVUkbnVsbNMJCgsMDxJXTlMua2V5c1pOUy5vYmplY3RzViRjbGFzc6INDoACgAOiEBGABIAFgAdccmVsYXRpdmVQYXRoWWFsaWFzRGF0YV8QEi4uL21pc2MvTVQtMDcyLnBkZtIXCxgZV05TLmRhdGFPEQF+AAAAAAF+AAIAAANTU0QAAAAAAAAAAAAAAAAAAAAAAAAAAAAAAADUvmAySCsAAACHFXwKTVQtMDcyLnBkZgAAAAAAAAAAAAAAAAAAAAAAAAAAAAAAAAAAAAAAAAAAAAAAAAAAAAAAAAAAAAAAAAAAAAAAAIcbCdTGV9wAAAAAAAAAAAABAAIAAAkgAAAAAAAAAAAAAAAAAAAABG1pc2MAEAAIAADUvlIiAAAAEQAIAADUxknMAAAAAQAUAIcVfACHBLsABi13AAYtdgACZv0AAgA9U1NEOlVzZXJzOgBPbGl2aWVyOgBEb2N1bWVudHM6AGRpc3NlcnRhdGlvbjoAbWlzYzoATVQtMDcyLnBkZgAADgAWAAoATQBUAC0AMAA3ADIALgBwAGQAZgAPAAgAAwBTAFMARAASADRVc2Vycy9PbGl2aWVyL0RvY3VtZW50cy9kaXNzZXJ0YXRpb24vbWlzYy9NVC0wNzIucGRmABMAAS8AABUAAgAO//8AAIAG0hscHR5aJGNsYXNzbmFtZVgkY2xhc3Nlc11OU011dGFibGVEYXRhox0fIFZOU0RhdGFYTlNPYmplY3TSGxwiI1xOU0RpY3Rpb25hcnmiIiBfEA9OU0tleWVkQXJjaGl2ZXLRJidUcm9vdIABAAgAEQAaACMALQAyADcAQABGAE0AVQBgAGcAagBsAG4AcQBzAHUAdwCEAI4AowCoALACMgI0AjkCRAJNAlsCXwJmAm8CdAKBAoQClgKZAp4AAAAAAAACAQAAAAAAAAAoAAAAAAAAAAAAAAAAAAACoA==}}

@misc{ADG412,
	Date-Added = {2017-05-09 10:33:18 +0000},
	Date-Modified = {2017-05-25 08:48:02 +0000},
	Edition = {Rev D},
	Howpublished = {Datasheet},
	Organization = {Analog Devices},
	Title = {Precision Quad SPST Switches},
	Year = {2010},
	Bdsk-File-1 = {YnBsaXN0MDDUAQIDBAUGJCVYJHZlcnNpb25YJG9iamVjdHNZJGFyY2hpdmVyVCR0b3ASAAGGoKgHCBMUFRYaIVUkbnVsbNMJCgsMDxJXTlMua2V5c1pOUy5vYmplY3RzViRjbGFzc6INDoACgAOiEBGABIAFgAdccmVsYXRpdmVQYXRoWWFsaWFzRGF0YV8QMC4uL2RhdGFzaGVldHMvZWxlY3Ryb25pY3MvVkdBL0FERzQxMV80MTJfNDEzLnBkZtIXCxgZV05TLmRhdGFPEQHUAAAAAAHUAAIAAANTU0QAAAAAAAAAAAAAAAAAAAAAAAAAAAAAAADUvmAySCsAAACHF1wSQURHNDExXzQxMl80MTMucGRmAAAAAAAAAAAAAAAAAAAAAAAAAAAAAAAAAAAAAAAAAAAAAAAAAAAAAAAAAAAAAIcXYNUIEDQAAAAAAAAAAAABAAQAAAkgAAAAAAAAAAAAAAAAAAAAA1ZHQQAAEAAIAADUvlIiAAAAEQAIAADVB/QUAAAAAQAcAIcXXACHF00AhxV3AIcEuwAGLXcABi12AAJm/QACAF1TU0Q6VXNlcnM6AE9saXZpZXI6AERvY3VtZW50czoAZGlzc2VydGF0aW9uOgBkYXRhc2hlZXRzOgBlbGVjdHJvbmljczoAVkdBOgBBREc0MTFfNDEyXzQxMy5wZGYAAA4AJgASAEEARABHADQAMQAxAF8ANAAxADIAXwA0ADEAMwAuAHAAZABmAA8ACAADAFMAUwBEABIAUlVzZXJzL09saXZpZXIvRG9jdW1lbnRzL2Rpc3NlcnRhdGlvbi9kYXRhc2hlZXRzL2VsZWN0cm9uaWNzL1ZHQS9BREc0MTFfNDEyXzQxMy5wZGYAEwABLwAAFQACAA7//wAAgAbSGxwdHlokY2xhc3NuYW1lWCRjbGFzc2VzXU5TTXV0YWJsZURhdGGjHR8gVk5TRGF0YVhOU09iamVjdNIbHCIjXE5TRGljdGlvbmFyeaIiIF8QD05TS2V5ZWRBcmNoaXZlctEmJ1Ryb290gAEACAARABoAIwAtADIANwBAAEYATQBVAGAAZwBqAGwAbgBxAHMAdQB3AIQAjgDBAMYAzgKmAqgCrQK4AsECzwLTAtoC4wLoAvUC+AMKAw0DEgAAAAAAAAIBAAAAAAAAACgAAAAAAAAAAAAAAAAAAAMU}}

@misc{LT1222,
	Date-Added = {2017-05-09 10:30:21 +0000},
	Date-Modified = {2017-05-25 08:47:50 +0000},
	Edition = {Rev C},
	Howpublished = {Datasheet},
	Organization = {Linear Technology},
	Title = {Operational Amplifier},
	Year = {1992},
	Bdsk-File-1 = {YnBsaXN0MDDUAQIDBAUGJCVYJHZlcnNpb25YJG9iamVjdHNZJGFyY2hpdmVyVCR0b3ASAAGGoKgHCBMUFRYaIVUkbnVsbNMJCgsMDxJXTlMua2V5c1pOUy5vYmplY3RzViRjbGFzc6INDoACgAOiEBGABIAFgAdccmVsYXRpdmVQYXRoWWFsaWFzRGF0YV8QKC4uL2RhdGFzaGVldHMvZWxlY3Ryb25pY3MvVkdBLzEyMjJmYy5wZGbSFwsYGVdOUy5kYXRhTxEBtAAAAAABtAACAAADU1NEAAAAAAAAAAAAAAAAAAAAAAAAAAAAAAAA1L5gMkgrAAAAhxdcCjEyMjJmYy5wZGYAAAAAAAAAAAAAAAAAAAAAAAAAAAAAAAAAAAAAAAAAAAAAAAAAAAAAAAAAAAAAAAAAAAAAAACHF13UyOwjAAAAAAAAAAAAAQAEAAAJIAAAAAAAAAAAAAAAAAAAAANWR0EAABAACAAA1L5SIgAAABEACAAA1MjeEwAAAAEAHACHF1wAhxdNAIcVdwCHBLsABi13AAYtdgACZv0AAgBVU1NEOlVzZXJzOgBPbGl2aWVyOgBEb2N1bWVudHM6AGRpc3NlcnRhdGlvbjoAZGF0YXNoZWV0czoAZWxlY3Ryb25pY3M6AFZHQToAMTIyMmZjLnBkZgAADgAWAAoAMQAyADIAMgBmAGMALgBwAGQAZgAPAAgAAwBTAFMARAASAEpVc2Vycy9PbGl2aWVyL0RvY3VtZW50cy9kaXNzZXJ0YXRpb24vZGF0YXNoZWV0cy9lbGVjdHJvbmljcy9WR0EvMTIyMmZjLnBkZgATAAEvAAAVAAIADv//AACABtIbHB0eWiRjbGFzc25hbWVYJGNsYXNzZXNdTlNNdXRhYmxlRGF0YaMdHyBWTlNEYXRhWE5TT2JqZWN00hscIiNcTlNEaWN0aW9uYXJ5oiIgXxAPTlNLZXllZEFyY2hpdmVy0SYnVHJvb3SAAQAIABEAGgAjAC0AMgA3AEAARgBNAFUAYABnAGoAbABuAHEAcwB1AHcAhACOALkAvgDGAn4CgAKFApACmQKnAqsCsgK7AsACzQLQAuIC5QLqAAAAAAAAAgEAAAAAAAAAKAAAAAAAAAAAAAAAAAAAAuw=}}

@article{Sallen-Key_input_impedance,
	Author = {Kenneth V. Cartwright and Edit J. Kaminsky},
	Date-Added = {2017-05-07 16:31:58 +0000},
	Date-Modified = {2017-05-07 16:33:45 +0000},
	Journal = {Lat. Am. J. Phys. Educ.},
	Month = {12},
	Title = {Finding the minimum input impedance of a second- order unity-gain Sallen-Key low-pass filter without calculus},
	Year = {2014},
	Bdsk-File-1 = {YnBsaXN0MDDUAQIDBAUGJCVYJHZlcnNpb25YJG9iamVjdHNZJGFyY2hpdmVyVCR0b3ASAAGGoKgHCBMUFRYaIVUkbnVsbNMJCgsMDxJXTlMua2V5c1pOUy5vYmplY3RzViRjbGFzc6INDoACgAOiEBGABIAFgAdccmVsYXRpdmVQYXRoWWFsaWFzRGF0YV8QKi4uL21pc2MvMy1MQUpQRV84MjhfS2VubmV0aF9DYXJ0d3JpZ3RoLnBkZtIXCxgZV05TLmRhdGFPEQHaAAAAAAHaAAIAAANTU0QAAAAAAAAAAAAAAAAAAAAAAAAAAAAAAADUvmAySCsAAACHFXwfMy1MQUpQRV84MjhfS2VubmV0aF8jQTE1RTUyLnBkZgAAAAAAAAAAAAAAAAAAAAAAAAAAAAAAAAAAAAAAAAAAAKFeUtU1GFEAAAAAAAAAAAABAAIAAAkgAAAAAAAAAAAAAAAAAAAABG1pc2MAEAAIAADUvlIiAAAAEQAIAADVNPwxAAAAAQAUAIcVfACHBLsABi13AAYtdgACZv0AAgBSU1NEOlVzZXJzOgBPbGl2aWVyOgBEb2N1bWVudHM6AGRpc3NlcnRhdGlvbjoAbWlzYzoAMy1MQUpQRV84MjhfS2VubmV0aF8jQTE1RTUyLnBkZgAOAEYAIgAzAC0ATABBAEoAUABFAF8AOAAyADgAXwBLAGUAbgBuAGUAdABoAF8AQwBhAHIAdAB3AHIAaQBnAHQAaAAuAHAAZABmAA8ACAADAFMAUwBEABIATFVzZXJzL09saXZpZXIvRG9jdW1lbnRzL2Rpc3NlcnRhdGlvbi9taXNjLzMtTEFKUEVfODI4X0tlbm5ldGhfQ2FydHdyaWd0aC5wZGYAEwABLwAAFQACAA7//wAAgAbSGxwdHlokY2xhc3NuYW1lWCRjbGFzc2VzXU5TTXV0YWJsZURhdGGjHR8gVk5TRGF0YVhOU09iamVjdNIbHCIjXE5TRGljdGlvbmFyeaIiIF8QD05TS2V5ZWRBcmNoaXZlctEmJ1Ryb290gAEACAARABoAIwAtADIANwBAAEYATQBVAGAAZwBqAGwAbgBxAHMAdQB3AIQAjgC7AMAAyAKmAqgCrQK4AsECzwLTAtoC4wLoAvUC+AMKAw0DEgAAAAAAAAIBAAAAAAAAACgAAAAAAAAAAAAAAAAAAAMU}}

@misc{OPA277,
	Date-Added = {2017-05-07 14:22:47 +0000},
	Date-Modified = {2017-05-25 08:47:43 +0000},
	Howpublished = {Datasheet},
	Organization = {Texas Instruments},
	Title = {OPAx277 High Precision Operational Amplifiers},
	Url = {http://www.ti.com/lit/ds/symlink/opa277.pdf},
	Bdsk-Url-1 = {http://www.ti.com/lit/ds/symlink/opa277.pdf}}

@article{sallen_key_filters,
	Author = {R. P. Sallen and E. L. Key},
	Date-Added = {2017-05-07 14:11:50 +0000},
	Date-Modified = {2017-05-07 14:14:41 +0000},
	Journal = {IRE Transactions on Circuit Theory},
	Month = {03},
	Number = {1},
	Title = {A practical method of designing RC active filters},
	Volume = {2},
	Year = {1955},
	Bdsk-File-1 = {YnBsaXN0MDDUAQIDBAUGJCVYJHZlcnNpb25YJG9iamVjdHNZJGFyY2hpdmVyVCR0b3ASAAGGoKgHCBMUFRYaIVUkbnVsbNMJCgsMDxJXTlMua2V5c1pOUy5vYmplY3RzViRjbGFzc6INDoACgAOiEBGABIAFgAdccmVsYXRpdmVQYXRoWWFsaWFzRGF0YV8QFC4uL21pc2MvMDY1MDAxNTkucGRm0hcLGBlXTlMuZGF0YU8RAYYAAAAAAYYAAgAAA1NTRAAAAAAAAAAAAAAAAAAAAAAAAAAAAAAAANS+YDJIKwAAAIcVfAwwNjUwMDE1OS5wZGYAAAAAAAAAAAAAAAAAAAAAAAAAAAAAAAAAAAAAAAAAAAAAAAAAAAAAAAAAAAAAAAAAAAAAhxqh1PlqdwAAAAAAAAAAAAEAAgAACSAAAAAAAAAAAAAAAAAAAAAEbWlzYwAQAAgAANS+UiIAAAARAAgAANT5XGcAAAABABQAhxV8AIcEuwAGLXcABi12AAJm/QACAD9TU0Q6VXNlcnM6AE9saXZpZXI6AERvY3VtZW50czoAZGlzc2VydGF0aW9uOgBtaXNjOgAwNjUwMDE1OS5wZGYAAA4AGgAMADAANgA1ADAAMAAxADUAOQAuAHAAZABmAA8ACAADAFMAUwBEABIANlVzZXJzL09saXZpZXIvRG9jdW1lbnRzL2Rpc3NlcnRhdGlvbi9taXNjLzA2NTAwMTU5LnBkZgATAAEvAAAVAAIADv//AACABtIbHB0eWiRjbGFzc25hbWVYJGNsYXNzZXNdTlNNdXRhYmxlRGF0YaMdHyBWTlNEYXRhWE5TT2JqZWN00hscIiNcTlNEaWN0aW9uYXJ5oiIgXxAPTlNLZXllZEFyY2hpdmVy0SYnVHJvb3SAAQAIABEAGgAjAC0AMgA3AEAARgBNAFUAYABnAGoAbABuAHEAcwB1AHcAhACOAKUAqgCyAjwCPgJDAk4CVwJlAmkCcAJ5An4CiwKOAqACowKoAAAAAAAAAgEAAAAAAAAAKAAAAAAAAAAAAAAAAAAAAqo=}}

@techreport{TIA_noise_formula,
	Author = {Hooman Hashemi},
	Date-Added = {2017-05-04 19:51:24 +0000},
	Date-Modified = {2017-05-04 19:52:15 +0000},
	Institution = {Texas Instruments},
	Month = {11},
	Title = {Transimpedance Amplifiers (TIA): Choosing the Best Amplifier for the Job},
	Year = {2015}}

@techreport{TIA_noise,
	Date-Added = {2017-05-04 19:47:33 +0000},
	Date-Modified = {2017-05-04 19:49:35 +0000},
	Institution = {Texas Instruments},
	Month = {02},
	Number = {SBOA060},
	Title = {Noise Analysis of FET Transimpedance Amplifiers},
	Year = {1994},
	Bdsk-File-1 = {YnBsaXN0MDDUAQIDBAUGJCVYJHZlcnNpb25YJG9iamVjdHNZJGFyY2hpdmVyVCR0b3ASAAGGoKgHCBMUFRYaIVUkbnVsbNMJCgsMDxJXTlMua2V5c1pOUy5vYmplY3RzViRjbGFzc6INDoACgAOiEBGABIAFgAdccmVsYXRpdmVQYXRoWWFsaWFzRGF0YV8QOy4uL21pc2MvTm9pc2UgQW5hbHlzaXMgb2YgRkVUIFRyYW5zaW1wZWRhbmNlIEFtcGxpZmllcnMucGRm0hcLGBlXTlMuZGF0YU8RAg4AAAAAAg4AAgAAA1NTRAAAAAAAAAAAAAAAAAAAAAAAAAAAAAAAANS+YDJIKwAAAIcVfB9Ob2lzZSBBbmFseXNpcyBvZiBGRSM4NzFCMEEucGRmAAAAAAAAAAAAAAAAAAAAAAAAAAAAAAAAAAAAAAAAAAAAhxsK1L9b5gAAAAAAAAAAAAEAAgAACSAAAAAAAAAAAAAAAAAAAAAEbWlzYwAQAAgAANS+UiIAAAARAAgAANS/TdYAAAABABQAhxV8AIcEuwAGLXcABi12AAJm/QACAFJTU0Q6VXNlcnM6AE9saXZpZXI6AERvY3VtZW50czoAZGlzc2VydGF0aW9uOgBtaXNjOgBOb2lzZSBBbmFseXNpcyBvZiBGRSM4NzFCMEEucGRmAA4AaAAzAE4AbwBpAHMAZQAgAEEAbgBhAGwAeQBzAGkAcwAgAG8AZgAgAEYARQBUACAAVAByAGEAbgBzAGkAbQBwAGUAZABhAG4AYwBlACAAQQBtAHAAbABpAGYAaQBlAHIAcwAuAHAAZABmAA8ACAADAFMAUwBEABIAXVVzZXJzL09saXZpZXIvRG9jdW1lbnRzL2Rpc3NlcnRhdGlvbi9taXNjL05vaXNlIEFuYWx5c2lzIG9mIEZFVCBUcmFuc2ltcGVkYW5jZSBBbXBsaWZpZXJzLnBkZgAAEwABLwAAFQACAA7//wAAgAbSGxwdHlokY2xhc3NuYW1lWCRjbGFzc2VzXU5TTXV0YWJsZURhdGGjHR8gVk5TRGF0YVhOU09iamVjdNIbHCIjXE5TRGljdGlvbmFyeaIiIF8QD05TS2V5ZWRBcmNoaXZlctEmJ1Ryb290gAEACAARABoAIwAtADIANwBAAEYATQBVAGAAZwBqAGwAbgBxAHMAdQB3AIQAjgDMANEA2QLrAu0C8gL9AwYDFAMYAx8DKAMtAzoDPQNPA1IDVwAAAAAAAAIBAAAAAAAAACgAAAAAAAAAAAAAAAAAAANZ}}

@misc{F810APC-2000,
	Date-Added = {2017-05-02 07:45:58 +0000},
	Date-Modified = {2017-05-25 08:47:11 +0000},
	Howpublished = {Datasheet},
	Organization = {Thorlabs},
	Title = {F810APC-2000},
	Url = {https://www.thorlabs.com/newgrouppage9.cfm?objectgroup_id=1337},
	Bdsk-Url-1 = {https://www.thorlabs.com/newgrouppage9.cfm?objectgroup_id=1337}}

@misc{KeysightSupply,
	Date-Added = {2017-04-29 16:14:52 +0000},
	Date-Modified = {2017-05-25 08:46:59 +0000},
	Howpublished = {Datasheet},
	Organization = {Keysight Technologies},
	Title = {E3640A -- E3649A Programmable DC Power Supplies},
	Url = {http://literature.cdn.keysight.com/litweb/pdf/5968-7355EN.pdf?id=1118372},
	Bdsk-File-1 = {YnBsaXN0MDDUAQIDBAUGJCVYJHZlcnNpb25YJG9iamVjdHNZJGFyY2hpdmVyVCR0b3ASAAGGoKgHCBMUFRYaIVUkbnVsbNMJCgsMDxJXTlMua2V5c1pOUy5vYmplY3RzViRjbGFzc6INDoACgAOiEBGABIAFgAdccmVsYXRpdmVQYXRoWWFsaWFzRGF0YV8QGS4uL21pc2MvNTk2OC03MzU1RU4tMi5wZGbSFwsYGVdOUy5kYXRhTxEBmgAAAAABmgACAAADU1NEAAAAAAAAAAAAAAAAAAAAAAAAAAAAAAAA1L5gMkgrAAAAhxV8ETU5NjgtNzM1NUVOLTIucGRmAAAAAAAAAAAAAAAAAAAAAAAAAAAAAAAAAAAAAAAAAAAAAAAAAAAAAAAAAAAAAACbrQvVKoi+AAAAAAAAAAAAAQACAAAJIAAAAAAAAAAAAAAAAAAAAARtaXNjABAACAAA1L5SIgAAABEACAAA1SpsngAAAAEAFACHFXwAhwS7AAYtdwAGLXYAAmb9AAIARFNTRDpVc2VyczoAT2xpdmllcjoARG9jdW1lbnRzOgBkaXNzZXJ0YXRpb246AG1pc2M6ADU5NjgtNzM1NUVOLTIucGRmAA4AJAARADUAOQA2ADgALQA3ADMANQA1AEUATgAtADIALgBwAGQAZgAPAAgAAwBTAFMARAASADtVc2Vycy9PbGl2aWVyL0RvY3VtZW50cy9kaXNzZXJ0YXRpb24vbWlzYy81OTY4LTczNTVFTi0yLnBkZgAAEwABLwAAFQACAA7//wAAgAbSGxwdHlokY2xhc3NuYW1lWCRjbGFzc2VzXU5TTXV0YWJsZURhdGGjHR8gVk5TRGF0YVhOU09iamVjdNIbHCIjXE5TRGljdGlvbmFyeaIiIF8QD05TS2V5ZWRBcmNoaXZlctEmJ1Ryb290gAEACAARABoAIwAtADIANwBAAEYATQBVAGAAZwBqAGwAbgBxAHMAdQB3AIQAjgCqAK8AtwJVAlcCXAJnAnACfgKCAokCkgKXAqQCpwK5ArwCwQAAAAAAAAIBAAAAAAAAACgAAAAAAAAAAAAAAAAAAALD}}

@misc{datasheet_PD,
	Date-Added = {2017-04-15 17:51:56 +0000},
	Date-Modified = {2017-05-25 08:47:22 +0000},
	Howpublished = {Datasheet},
	Organization = {Hamamatsu},
	Title = {InGaAs PIN photodiodes (G12183)},
	Url = {https://www.hamamatsu.com/resources/pdf/ssd/g12183_series_kird1119e.pdf},
	Bdsk-Url-1 = {https://www.hamamatsu.com/resources/pdf/ssd/g12183_series_kird1119e.pdf}}

@article{apodized-WMS,
	Author = {Seyedali Hosseinzadeh Salati and Alireza Khorsandi},
	Date-Added = {2017-04-15 16:36:28 +0000},
	Date-Modified = {2017-04-15 17:57:12 +0000},
	Journal = {Applied Physics B},
	Title = {Apodized 2f/1f wavelength modulation spectroscopy method for calibration-free trace detection of carbon monoxide in the near-infrared region: theory and experiment},
	Year = {2014}}

@techreport{LIA-GB-Armen,
	Author = {G. Bradley Armen},
	Date-Added = {2017-04-14 09:32:24 +0000},
	Date-Modified = {2017-04-14 09:33:49 +0000},
	Institution = {University of Tennessee},
	Title = {Phase sensitive detection: the lock-in amplifier},
	Year = {2008},
	Bdsk-File-1 = {YnBsaXN0MDDUAQIDBAUGJCVYJHZlcnNpb25YJG9iamVjdHNZJGFyY2hpdmVyVCR0b3ASAAGGoKgHCBMUFRYaIVUkbnVsbNMJCgsMDxJXTlMua2V5c1pOUy5vYmplY3RzViRjbGFzc6INDoACgAOiEBGABIAFgAdccmVsYXRpdmVQYXRoWWFsaWFzRGF0YV8QKC4uL21pc2MvTG9jay1JbiBBbXBsaWZpZXIgRXhwZXJpbWVudC5wZGbSFwsYGVdOUy5kYXRhTxEB1AAAAAAB1AACAAADU1NEAAAAAAAAAAAAAAAAAAAAAAAAAAAAAAAA1L5gMkgrAAAAhxV8H0xvY2stSW4gQW1wbGlmaWVyIEV4Izg3MUIwNi5wZGYAAAAAAAAAAAAAAAAAAAAAAAAAAAAAAAAAAAAAAAAAAACHGwbVGpTXAAAAAAAAAAAAAQACAAAJIAAAAAAAAAAAAAAAAAAAAARtaXNjABAACAAA1L5SIgAAABEACAAA1Rp4twAAAAEAFACHFXwAhwS7AAYtdwAGLXYAAmb9AAIAUlNTRDpVc2VyczoAT2xpdmllcjoARG9jdW1lbnRzOgBkaXNzZXJ0YXRpb246AG1pc2M6AExvY2stSW4gQW1wbGlmaWVyIEV4Izg3MUIwNi5wZGYADgBCACAATABvAGMAawAtAEkAbgAgAEEAbQBwAGwAaQBmAGkAZQByACAARQB4AHAAZQByAGkAbQBlAG4AdAAuAHAAZABmAA8ACAADAFMAUwBEABIASlVzZXJzL09saXZpZXIvRG9jdW1lbnRzL2Rpc3NlcnRhdGlvbi9taXNjL0xvY2stSW4gQW1wbGlmaWVyIEV4cGVyaW1lbnQucGRmABMAAS8AABUAAgAO//8AAIAG0hscHR5aJGNsYXNzbmFtZVgkY2xhc3Nlc11OU011dGFibGVEYXRhox0fIFZOU0RhdGFYTlNPYmplY3TSGxwiI1xOU0RpY3Rpb25hcnmiIiBfEA9OU0tleWVkQXJjaGl2ZXLRJidUcm9vdIABAAgAEQAaACMALQAyADcAQABGAE0AVQBgAGcAagBsAG4AcQBzAHUAdwCEAI4AuQC+AMYCngKgAqUCsAK5AscCywLSAtsC4ALtAvADAgMFAwoAAAAAAAACAQAAAAAAAAAoAAAAAAAAAAAAAAAAAAADDA==}}

@techreport{LIA-SRS,
	Date-Added = {2017-04-14 09:29:29 +0000},
	Date-Modified = {2017-04-14 09:32:17 +0000},
	Institution = {Stanford Research Systems},
	Number = {3},
	Title = {About Lock-In Amplifiers},
	Type = {Application Note},
	Bdsk-File-1 = {YnBsaXN0MDDUAQIDBAUGJCVYJHZlcnNpb25YJG9iamVjdHNZJGFyY2hpdmVyVCR0b3ASAAGGoKgHCBMUFRYaIVUkbnVsbNMJCgsMDxJXTlMua2V5c1pOUy5vYmplY3RzViRjbGFzc6INDoACgAOiEBGABIAFgAdccmVsYXRpdmVQYXRoWWFsaWFzRGF0YV8QFS4uL21pc2MvQWJvdXRMSUFzLnBkZtIXCxgZV05TLmRhdGFPEQGKAAAAAAGKAAIAAANTU0QAAAAAAAAAAAAAAAAAAAAAAAAAAAAAAADUvmAySCsAAACHFXwNQWJvdXRMSUFzLnBkZgAAAAAAAAAAAAAAAAAAAAAAAAAAAAAAAAAAAAAAAAAAAAAAAAAAAAAAAAAAAAAAAAAAAIcaqtS/W84AAAAAAAAAAAABAAIAAAkgAAAAAAAAAAAAAAAAAAAABG1pc2MAEAAIAADUvlIiAAAAEQAIAADUv02+AAAAAQAUAIcVfACHBLsABi13AAYtdgACZv0AAgBAU1NEOlVzZXJzOgBPbGl2aWVyOgBEb2N1bWVudHM6AGRpc3NlcnRhdGlvbjoAbWlzYzoAQWJvdXRMSUFzLnBkZgAOABwADQBBAGIAbwB1AHQATABJAEEAcwAuAHAAZABmAA8ACAADAFMAUwBEABIAN1VzZXJzL09saXZpZXIvRG9jdW1lbnRzL2Rpc3NlcnRhdGlvbi9taXNjL0Fib3V0TElBcy5wZGYAABMAAS8AABUAAgAO//8AAIAG0hscHR5aJGNsYXNzbmFtZVgkY2xhc3Nlc11OU011dGFibGVEYXRhox0fIFZOU0RhdGFYTlNPYmplY3TSGxwiI1xOU0RpY3Rpb25hcnmiIiBfEA9OU0tleWVkQXJjaGl2ZXLRJidUcm9vdIABAAgAEQAaACMALQAyADcAQABGAE0AVQBgAGcAagBsAG4AcQBzAHUAdwCEAI4ApgCrALMCQQJDAkgCUwJcAmoCbgJ1An4CgwKQApMCpQKoAq0AAAAAAAACAQAAAAAAAAAoAAAAAAAAAAAAAAAAAAACrw==}}

@techreport{LIA-Microchip,
	Author = {Darren Wenn},
	Date-Added = {2017-04-14 09:27:38 +0000},
	Date-Modified = {2017-04-14 09:29:29 +0000},
	Institution = {Microchip Technology Inc.},
	Number = {AN1115},
	Title = {Implementing Digital Lock-In Amplifiers Using the dsPIC DSC},
	Type = {Application Note},
	Year = {2007},
	Bdsk-File-1 = {YnBsaXN0MDDUAQIDBAUGJCVYJHZlcnNpb25YJG9iamVjdHNZJGFyY2hpdmVyVCR0b3ASAAGGoKgHCBMUFRYaIVUkbnVsbNMJCgsMDxJXTlMua2V5c1pOUy5vYmplY3RzViRjbGFzc6INDoACgAOiEBGABIAFgAdccmVsYXRpdmVQYXRoWWFsaWFzRGF0YV8QRy4uL21pc2MvSW1wbGVtZW50aW5nIERpZ2l0YWwgTG9jay1JbiBBbXBsaWZpZXJzIFVzaW5nIHRoZSBkc1BJQyBEU0MucGRm0hcLGBlXTlMuZGF0YU8RAjIAAAAAAjIAAgAAA1NTRAAAAAAAAAAAAAAAAAAAAAAAAAAAAAAAANS+YDJIKwAAAIcVfB9JbXBsZW1lbnRpbmcgRGlnaXRhbCM4NzFCMDQucGRmAAAAAAAAAAAAAAAAAAAAAAAAAAAAAAAAAAAAAAAAAAAAhxsE1L9b5gAAAAAAAAAAAAEAAgAACSAAAAAAAAAAAAAAAAAAAAAEbWlzYwAQAAgAANS+UiIAAAARAAgAANS/TdYAAAABABQAhxV8AIcEuwAGLXcABi12AAJm/QACAFJTU0Q6VXNlcnM6AE9saXZpZXI6AERvY3VtZW50czoAZGlzc2VydGF0aW9uOgBtaXNjOgBJbXBsZW1lbnRpbmcgRGlnaXRhbCM4NzFCMDQucGRmAA4AgAA/AEkAbQBwAGwAZQBtAGUAbgB0AGkAbgBnACAARABpAGcAaQB0AGEAbAAgAEwAbwBjAGsALQBJAG4AIABBAG0AcABsAGkAZgBpAGUAcgBzACAAVQBzAGkAbgBnACAAdABoAGUAIABkAHMAUABJAEMAIABEAFMAQwAuAHAAZABmAA8ACAADAFMAUwBEABIAaVVzZXJzL09saXZpZXIvRG9jdW1lbnRzL2Rpc3NlcnRhdGlvbi9taXNjL0ltcGxlbWVudGluZyBEaWdpdGFsIExvY2stSW4gQW1wbGlmaWVycyBVc2luZyB0aGUgZHNQSUMgRFNDLnBkZgAAEwABLwAAFQACAA7//wAAgAbSGxwdHlokY2xhc3NuYW1lWCRjbGFzc2VzXU5TTXV0YWJsZURhdGGjHR8gVk5TRGF0YVhOU09iamVjdNIbHCIjXE5TRGljdGlvbmFyeaIiIF8QD05TS2V5ZWRBcmNoaXZlctEmJ1Ryb290gAEACAARABoAIwAtADIANwBAAEYATQBVAGAAZwBqAGwAbgBxAHMAdQB3AIQAjgDYAN0A5QMbAx0DIgMtAzYDRANIA08DWANdA2oDbQN/A4IDhwAAAAAAAAIBAAAAAAAAACgAAAAAAAAAAAAAAAAAAAOJ}}

@article{2f_derivative,
	Author = {R. Engelbrecht},
	Date-Added = {2017-04-11 14:29:17 +0000},
	Date-Modified = {2017-04-29 11:48:54 +0000},
	Journal = {Spectrochimica Acta Part A Molecular and Biomolecular Spectroscopy},
	Keywords = {Tunable diode laser; Near infrared; Carbon monoxide; Carbon dioxide; Optical fiber; Noise analysis; Line shapes; Wavelength modulation spectroscopy},
	Month = {01},
	Number = {14},
	Title = {A compact NIR fiber-optic diode laser spectrometer for CO and CO2: analysis of observed 2f wavelength modulation spectroscopy line shapes},
	Volume = {60},
	Year = {2005}}

@misc{PMF170XP,
	Date-Added = {2017-03-29 11:42:06 +0000},
	Date-Modified = {2017-05-25 08:47:56 +0000},
	Howpublished = {Datasheet},
	Month = {10},
	Note = {Rev.\ 2},
	Number = {PMF170XP},
	Organization = {NXP Semiconductors},
	Title = {PMF170XP},
	Year = {2013},
	Bdsk-File-1 = {YnBsaXN0MDDUAQIDBAUGJCVYJHZlcnNpb25YJG9iamVjdHNZJGFyY2hpdmVyVCR0b3ASAAGGoKgHCBMUFRYaIVUkbnVsbNMJCgsMDxJXTlMua2V5c1pOUy5vYmplY3RzViRjbGFzc6INDoACgAOiEBGABIAFgAdccmVsYXRpdmVQYXRoWWFsaWFzRGF0YV8QKi4uL2RhdGFzaGVldHMvZWxlY3Ryb25pY3MvREFDL1BNRjE3MFhQLnBkZtIXCxgZV05TLmRhdGFPEQG8AAAAAAG8AAIAAANTU0QAAAAAAAAAAAAAAAAAAAAAAAAAAAAAAADUvmAySCsAAACHF1IMUE1GMTcwWFAucGRmAAAAAAAAAAAAAAAAAAAAAAAAAAAAAAAAAAAAAAAAAAAAAAAAAAAAAAAAAAAAAAAAAAAAAIcXVdTRDD0AAAAAAAAAAAABAAQAAAkgAAAAAAAAAAAAAAAAAAAAA0RBQwAAEAAIAADUvlIiAAAAEQAIAADU0P4tAAAAAQAcAIcXUgCHF00AhxV3AIcEuwAGLXcABi12AAJm/QACAFdTU0Q6VXNlcnM6AE9saXZpZXI6AERvY3VtZW50czoAZGlzc2VydGF0aW9uOgBkYXRhc2hlZXRzOgBlbGVjdHJvbmljczoAREFDOgBQTUYxNzBYUC5wZGYAAA4AGgAMAFAATQBGADEANwAwAFgAUAAuAHAAZABmAA8ACAADAFMAUwBEABIATFVzZXJzL09saXZpZXIvRG9jdW1lbnRzL2Rpc3NlcnRhdGlvbi9kYXRhc2hlZXRzL2VsZWN0cm9uaWNzL0RBQy9QTUYxNzBYUC5wZGYAEwABLwAAFQACAA7//wAAgAbSGxwdHlokY2xhc3NuYW1lWCRjbGFzc2VzXU5TTXV0YWJsZURhdGGjHR8gVk5TRGF0YVhOU09iamVjdNIbHCIjXE5TRGljdGlvbmFyeaIiIF8QD05TS2V5ZWRBcmNoaXZlctEmJ1Ryb290gAEACAARABoAIwAtADIANwBAAEYATQBVAGAAZwBqAGwAbgBxAHMAdQB3AIQAjgC7AMAAyAKIAooCjwKaAqMCsQK1ArwCxQLKAtcC2gLsAu8C9AAAAAAAAAIBAAAAAAAAACgAAAAAAAAAAAAAAAAAAAL2}}

@misc{LTC1152,
	Date-Added = {2017-03-29 11:42:04 +0000},
	Date-Modified = {2017-05-25 08:47:34 +0000},
	Howpublished = {Datasheet},
	Organization = {Linear Technology},
	Title = {LTC1152},
	Bdsk-File-1 = {YnBsaXN0MDDUAQIDBAUGJCVYJHZlcnNpb25YJG9iamVjdHNZJGFyY2hpdmVyVCR0b3ASAAGGoKgHCBMUFRYaIVUkbnVsbNMJCgsMDxJXTlMua2V5c1pOUy5vYmplY3RzViRjbGFzc6INDoACgAOiEBGABIAFgAdccmVsYXRpdmVQYXRoWWFsaWFzRGF0YV8QKC4uL2RhdGFzaGVldHMvZWxlY3Ryb25pY3MvREFDL2x0MTE1Mi5wZGbSFwsYGVdOUy5kYXRhTxEBtAAAAAABtAACAAADU1NEAAAAAAAAAAAAAAAAAAAAAAAAAAAAAAAA1L5gMkgrAAAAhxdSCmx0MTE1Mi5wZGYAAAAAAAAAAAAAAAAAAAAAAAAAAAAAAAAAAAAAAAAAAAAAAAAAAAAAAAAAAAAAAAAAAAAAAACgbzDVMVVsAAAAAAAAAAAAAQAEAAAJIAAAAAAAAAAAAAAAAAAAAANEQUMAABAACAAA1L5SIgAAABEACAAA1TE5TAAAAAEAHACHF1IAhxdNAIcVdwCHBLsABi13AAYtdgACZv0AAgBVU1NEOlVzZXJzOgBPbGl2aWVyOgBEb2N1bWVudHM6AGRpc3NlcnRhdGlvbjoAZGF0YXNoZWV0czoAZWxlY3Ryb25pY3M6AERBQzoAbHQxMTUyLnBkZgAADgAWAAoAbAB0ADEAMQA1ADIALgBwAGQAZgAPAAgAAwBTAFMARAASAEpVc2Vycy9PbGl2aWVyL0RvY3VtZW50cy9kaXNzZXJ0YXRpb24vZGF0YXNoZWV0cy9lbGVjdHJvbmljcy9EQUMvbHQxMTUyLnBkZgATAAEvAAAVAAIADv//AACABtIbHB0eWiRjbGFzc25hbWVYJGNsYXNzZXNdTlNNdXRhYmxlRGF0YaMdHyBWTlNEYXRhWE5TT2JqZWN00hscIiNcTlNEaWN0aW9uYXJ5oiIgXxAPTlNLZXllZEFyY2hpdmVy0SYnVHJvb3SAAQAIABEAGgAjAC0AMgA3AEAARgBNAFUAYABnAGoAbABuAHEAcwB1AHcAhACOALkAvgDGAn4CgAKFApACmQKnAqsCsgK7AsACzQLQAuIC5QLqAAAAAAAAAgEAAAAAAAAAKAAAAAAAAAAAAAAAAAAAAuw=}}

@techreport{sine-wave-generation,
	Date-Added = {2017-03-26 18:37:52 +0000},
	Date-Modified = {2017-05-09 10:32:51 +0000},
	Institution = {Texas Instruments},
	Month = {04},
	Number = {SNOA665C},
	Title = {Sine Wave Generation Techniques},
	Year = {2013}}

@book{triangle-generator,
	Author = {W. Marshall Leach},
	Date-Added = {2017-03-26 18:30:51 +0000},
	Date-Modified = {2017-03-26 18:32:03 +0000},
	Edition = {2},
	Publisher = {Kendall/Hunt},
	Title = {Introduction to Electroacoustics and Audio Amplifier Design: The Class-D Amplifier},
	Year = {2001},
	Bdsk-File-1 = {YnBsaXN0MDDUAQIDBAUGJCVYJHZlcnNpb25YJG9iamVjdHNZJGFyY2hpdmVyVCR0b3ASAAGGoKgHCBMUFRYaIVUkbnVsbNMJCgsMDxJXTlMua2V5c1pOUy5vYmplY3RzViRjbGFzc6INDoACgAOiEBGABIAFgAdccmVsYXRpdmVQYXRoWWFsaWFzRGF0YV8QFS4uL21pc2MvQ2xhc3NEMi0yLnBkZtIXCxgZV05TLmRhdGFPEQGKAAAAAAGKAAIAAANTU0QAAAAAAAAAAAAAAAAAAAAAAAAAAAAAAADUvmAySCsAAACHFXwNQ2xhc3NEMi0yLnBkZgAAAAAAAAAAAAAAAAAAAAAAAAAAAAAAAAAAAAAAAAAAAAAAAAAAAAAAAAAAAAAAAAAAAIca0NT91coAAAAAAAAAAAABAAIAAAkgAAAAAAAAAAAAAAAAAAAABG1pc2MAEAAIAADUvlIiAAAAEQAIAADU/bmqAAAAAQAUAIcVfACHBLsABi13AAYtdgACZv0AAgBAU1NEOlVzZXJzOgBPbGl2aWVyOgBEb2N1bWVudHM6AGRpc3NlcnRhdGlvbjoAbWlzYzoAQ2xhc3NEMi0yLnBkZgAOABwADQBDAGwAYQBzAHMARAAyAC0AMgAuAHAAZABmAA8ACAADAFMAUwBEABIAN1VzZXJzL09saXZpZXIvRG9jdW1lbnRzL2Rpc3NlcnRhdGlvbi9taXNjL0NsYXNzRDItMi5wZGYAABMAAS8AABUAAgAO//8AAIAG0hscHR5aJGNsYXNzbmFtZVgkY2xhc3Nlc11OU011dGFibGVEYXRhox0fIFZOU0RhdGFYTlNPYmplY3TSGxwiI1xOU0RpY3Rpb25hcnmiIiBfEA9OU0tleWVkQXJjaGl2ZXLRJidUcm9vdIABAAgAEQAaACMALQAyADcAQABGAE0AVQBgAGcAagBsAG4AcQBzAHUAdwCEAI4ApgCrALMCQQJDAkgCUwJcAmoCbgJ1An4CgwKQApMCpQKoAq0AAAAAAAACAQAAAAAAAAAoAAAAAAAAAAAAAAAAAAACrw==}}

@techreport{methane_concentration,
	Author = {T.J. Blasing},
	Date-Added = {2017-03-18 16:14:55 +0000},
	Date-Modified = {2017-04-29 11:50:05 +0000},
	Institution = {Carbon Dioxide Information Analysis CEner},
	Month = {04},
	Title = {Recent Greenhouse Gas Concentrations},
	Url = {http://cdiac.ornl.gov/pns/current_ghg.html},
	Year = {2016},
	Bdsk-Url-1 = {http://cdiac.ornl.gov/pns/current_ghg.html}}

@article{ruijun-lasers,
	Author = {Ruijun Wang and Stephan Sprengel and Aditya Malik and Anton Vasiliev and Gerhard Boehm Roel Baets and Markus-Christian Amann and Gunther Roelkens},
	Date-Added = {2017-03-18 15:37:19 +0000},
	Date-Modified = {2017-04-29 11:49:31 +0000},
	Journal = {Applied Physics Letters},
	Month = {12},
	Title = {Heterogeneously integrated III--V-on-silicon 2.3x µm distributed feedback lasers based on a type-II active region},
	Url = {http://www.photonics.intec.ugent.be/download/pub_3832.pdf},
	Year = {2016},
	Bdsk-Url-1 = {http://www.photonics.intec.ugent.be/download/pub_3832.pdf}}

@misc{2004nmDFB,
	Date-Added = {2017-03-18 11:08:31 +0000},
	Date-Modified = {2017-05-25 11:11:25 +0000},
	Howpublished = {Datasheet},
	Number = {"EP2004-DM-B"},
	Organization = {Eblana Photonics},
	Title = {{DFB} Laser 2004\,nm},
	Url = {http://www.frlaserco.com/uploads/files/20160707164325_EP2004-DM-B.pdf},
	Bdsk-Url-1 = {http://www.frlaserco.com/uploads/files/20160707164325_EP2004-DM-B.pdf}}

@misc{hitran,
	Author = {HITRAN},
	Date-Added = {2017-03-18 10:00:55 +0000},
	Date-Modified = {2017-03-18 11:22:04 +0000},
	Howpublished = {\url{http://hitran.iao.ru/home}},
	Title = {Online Database}}

@article{OSA-freq-int-modulation,
	Author = {St{\'e}phane Schilt and Luc Th{\'e}venaz and Philippe Robert},
	Date-Added = {2017-03-13 19:36:57 +0000},
	Date-Modified = {2017-04-29 11:50:27 +0000},
	Journal = {Applied Optics},
	Month = {11},
	Number = {33},
	Title = {Wavelength Modulation Spectroscopy: Combined Frequency and Intensity Laser Modulation},
	Volume = {42},
	Year = {2003}}

@book{spectrochemical-analysis,
	Author = {James D. Ingle and Stanley R. Crouch},
	Date-Added = {2017-03-09 22:54:18 +0000},
	Date-Modified = {2017-03-09 22:55:57 +0000},
	Publisher = {Prentice Hall},
	Title = {Spectrochemical Analysis},
	Year = {1988}}

@article{misunderstanding-voigt,
	Author = {Xianglei Huang and Yuk Ling Yung},
	Date-Added = {2017-03-09 22:52:23 +0000},
	Date-Modified = {2017-03-09 22:54:16 +0000},
	Journal = {Journal of the Atmospheric Sciences},
	Title = {A Common Misunderstanding about the Voigt Line Profile},
	Volume = {61},
	Year = {2003}}

@article{abs-spec-status-and-potential,
	Author = {A. Foltynowicz and F.M. Schmidt and W. Ma and O. Axner},
	Date-Added = {2017-03-08 08:56:11 +0000},
	Date-Modified = {2017-03-08 08:58:09 +0000},
	Journal = {Applied Physics B},
	Pages = {313-326},
	Read = {1},
	Title = {Noise-immune cavity-enhanced optical heterodyne molecular spectroscopy: Current status and future potential},
	Volume = {92},
	Year = {2008}}

@article{CO2-food-sensors,
	Author = {Pradeep Puligundla and Junho Jung and Sanghoon Ko},
	Date-Added = {2017-03-04 14:12:02 +0000},
	Date-Modified = {2017-03-04 14:14:28 +0000},
	Journal = {Food Control},
	Number = {1},
	Pages = {328-333},
	Title = {Carbon dioxide sensors for intelligent food packaging applications},
	Volume = {25},
	Year = {2012},
	Bdsk-File-1 = {YnBsaXN0MDDUAQIDBAUGJCVYJHZlcnNpb25YJG9iamVjdHNZJGFyY2hpdmVyVCR0b3ASAAGGoKgHCBMUFRYaIVUkbnVsbNMJCgsMDxJXTlMua2V5c1pOUy5vYmplY3RzViRjbGFzc6INDoACgAOiEBGABIAFgAdccmVsYXRpdmVQYXRoWWFsaWFzRGF0YV8QGi4uL21pc2MvMTAuMS4xLjQ1OS4zODcucGRm0hcLGBlXTlMuZGF0YU8RAZ4AAAAAAZ4AAgAAA1NTRAAAAAAAAAAAAAAAAAAAAAAAAAAAAAAAANS+YDJIKwAAAIcVfBIxMC4xLjEuNDU5LjM4Ny5wZGYAAAAAAAAAAAAAAAAAAAAAAAAAAAAAAAAAAAAAAAAAAAAAAAAAAAAAAAAAAAAAhxqj1OCKYQAAAAAAAAAAAAEAAgAACSAAAAAAAAAAAAAAAAAAAAAEbWlzYwAQAAgAANS+UiIAAAARAAgAANTgfFEAAAABABQAhxV8AIcEuwAGLXcABi12AAJm/QACAEVTU0Q6VXNlcnM6AE9saXZpZXI6AERvY3VtZW50czoAZGlzc2VydGF0aW9uOgBtaXNjOgAxMC4xLjEuNDU5LjM4Ny5wZGYAAA4AJgASADEAMAAuADEALgAxAC4ANAA1ADkALgAzADgANwAuAHAAZABmAA8ACAADAFMAUwBEABIAPFVzZXJzL09saXZpZXIvRG9jdW1lbnRzL2Rpc3NlcnRhdGlvbi9taXNjLzEwLjEuMS40NTkuMzg3LnBkZgATAAEvAAAVAAIADv//AACABtIbHB0eWiRjbGFzc25hbWVYJGNsYXNzZXNdTlNNdXRhYmxlRGF0YaMdHyBWTlNEYXRhWE5TT2JqZWN00hscIiNcTlNEaWN0aW9uYXJ5oiIgXxAPTlNLZXllZEFyY2hpdmVy0SYnVHJvb3SAAQAIABEAGgAjAC0AMgA3AEAARgBNAFUAYABnAGoAbABuAHEAcwB1AHcAhACOAKsAsAC4AloCXAJhAmwCdQKDAocCjgKXApwCqQKsAr4CwQLGAAAAAAAAAgEAAAAAAAAAKAAAAAAAAAAAAAAAAAAAAsg=}}

@article{CO2-food-preservation,
	Author = {James A. Daniels and Rajagoplan Krishnamurthi and Syed S. H. Rizvi},
	Date-Added = {2017-03-04 14:01:59 +0000},
	Date-Modified = {2017-03-04 14:06:39 +0000},
	Doing = {10.4315/0362-028X-48.6.532},
	Journal = {Journal of Food Protection},
	Number = {8},
	Pages = {532-537},
	Title = {A Review of Effects of Carbon Dioxide on Microbial Growth and Food Quality},
	Volume = {48},
	Year = {1985}}

@book{nederhoff1994effects,
	Author = {Nederhoff, Elly M},
	Date-Added = {2017-03-04 13:44:36 +0000},
	Date-Modified = {2017-03-04 13:45:16 +0000},
	Publisher = {Nederhoff},
	Title = {Effects of CO2 concentration on photosynthesis, transpiration and production of greenhouse fruit vegetable crops.},
	Year = {1994},
	Bdsk-File-1 = {YnBsaXN0MDDUAQIDBAUGJCVYJHZlcnNpb25YJG9iamVjdHNZJGFyY2hpdmVyVCR0b3ASAAGGoKgHCBMUFRYaIVUkbnVsbNMJCgsMDxJXTlMua2V5c1pOUy5vYmplY3RzViRjbGFzc6INDoACgAOiEBGABIAFgAdccmVsYXRpdmVQYXRoWWFsaWFzRGF0YV8QIi4uL21pc2MvZWRlcG90aW5fdDRmOTBiNTc3XzAwMS5wZGbSFwsYGVdOUy5kYXRhTxEBvgAAAAABvgACAAADU1NEAAAAAAAAAAAAAAAAAAAAAAAAAAAAAAAA1L5gMkgrAAAAhxV8GmVkZXBvdGluX3Q0ZjkwYjU3N18wMDEucGRmAAAAAAAAAAAAAAAAAAAAAAAAAAAAAAAAAAAAAAAAAAAAAAAAAACHGt3U4IOBAAAAAAAAAAAAAQACAAAJIAAAAAAAAAAAAAAAAAAAAARtaXNjABAACAAA1L5SIgAAABEACAAA1OB1cQAAAAEAFACHFXwAhwS7AAYtdwAGLXYAAmb9AAIATVNTRDpVc2VyczoAT2xpdmllcjoARG9jdW1lbnRzOgBkaXNzZXJ0YXRpb246AG1pc2M6AGVkZXBvdGluX3Q0ZjkwYjU3N18wMDEucGRmAAAOADYAGgBlAGQAZQBwAG8AdABpAG4AXwB0ADQAZgA5ADAAYgA1ADcANwBfADAAMAAxAC4AcABkAGYADwAIAAMAUwBTAEQAEgBEVXNlcnMvT2xpdmllci9Eb2N1bWVudHMvZGlzc2VydGF0aW9uL21pc2MvZWRlcG90aW5fdDRmOTBiNTc3XzAwMS5wZGYAEwABLwAAFQACAA7//wAAgAbSGxwdHlokY2xhc3NuYW1lWCRjbGFzc2VzXU5TTXV0YWJsZURhdGGjHR8gVk5TRGF0YVhOU09iamVjdNIbHCIjXE5TRGljdGlvbmFyeaIiIF8QD05TS2V5ZWRBcmNoaXZlctEmJ1Ryb290gAEACAARABoAIwAtADIANwBAAEYATQBVAGAAZwBqAGwAbgBxAHMAdQB3AIQAjgCzALgAwAKCAoQCiQKUAp0CqwKvArYCvwLEAtEC1ALmAukC7gAAAAAAAAIBAAAAAAAAACgAAAAAAAAAAAAAAAAAAALw}}

@article{2f-theory-experiment,
	Author = {J. Reid and D. Labrie},
	Date-Added = {2016-12-08 19:25:45 +0000},
	Date-Modified = {2016-12-08 19:27:34 +0000},
	Journal = {Applied Physics},
	Pages = {203-210},
	Title = {Second-Harmonic Detection with Tunable Diode Lasers - Comparison of Experiment and Theory},
	Year = {1981},
	Bdsk-File-1 = {YnBsaXN0MDDUAQIDBAUGJCVYJHZlcnNpb25YJG9iamVjdHNZJGFyY2hpdmVyVCR0b3ASAAGGoKgHCBMUFRYaIVUkbnVsbNMJCgsMDxJXTlMua2V5c1pOUy5vYmplY3RzViRjbGFzc6INDoACgAOiEBGABIAFgAdccmVsYXRpdmVQYXRoWWFsaWFzRGF0YV8QZC4uL21pc2MvZG9jc2xpZGUudXNfc2Vjb25kLWhhcm1vbmljLWRldGVjdGlvbi13aXRoLXR1bmFibGUtZGlvZGUtbGFzZXJzLWNvbXBhcmlzb24tb2YtZXhwZXJpbWVudC5wZGbSFwsYGVdOUy5kYXRhTxECiAAAAAACiAACAAADU1NEAAAAAAAAAAAAAAAAAAAAAAAAAAAAAAAA1L5gMkgrAAAAhxV8H2RvY3NsaWRlLnVzX3NlY29uZC1oIzg3MUFEMi5wZGYAAAAAAAAAAAAAAAAAAAAAAAAAAAAAAAAAAAAAAAAAAACHGtLUv1vmAAAAAAAAAAAAAQACAAAJIAAAAAAAAAAAAAAAAAAAAARtaXNjABAACAAA1L5SIgAAABEACAAA1L9N1gAAAAEAFACHFXwAhwS7AAYtdwAGLXYAAmb9AAIAUlNTRDpVc2VyczoAT2xpdmllcjoARG9jdW1lbnRzOgBkaXNzZXJ0YXRpb246AG1pc2M6AGRvY3NsaWRlLnVzX3NlY29uZC1oIzg3MUFEMi5wZGYADgC6AFwAZABvAGMAcwBsAGkAZABlAC4AdQBzAF8AcwBlAGMAbwBuAGQALQBoAGEAcgBtAG8AbgBpAGMALQBkAGUAdABlAGMAdABpAG8AbgAtAHcAaQB0AGgALQB0AHUAbgBhAGIAbABlAC0AZABpAG8AZABlAC0AbABhAHMAZQByAHMALQBjAG8AbQBwAGEAcgBpAHMAbwBuAC0AbwBmAC0AZQB4AHAAZQByAGkAbQBlAG4AdAAuAHAAZABmAA8ACAADAFMAUwBEABIAhlVzZXJzL09saXZpZXIvRG9jdW1lbnRzL2Rpc3NlcnRhdGlvbi9taXNjL2RvY3NsaWRlLnVzX3NlY29uZC1oYXJtb25pYy1kZXRlY3Rpb24td2l0aC10dW5hYmxlLWRpb2RlLWxhc2Vycy1jb21wYXJpc29uLW9mLWV4cGVyaW1lbnQucGRmABMAAS8AABUAAgAO//8AAIAG0hscHR5aJGNsYXNzbmFtZVgkY2xhc3Nlc11OU011dGFibGVEYXRhox0fIFZOU0RhdGFYTlNPYmplY3TSGxwiI1xOU0RpY3Rpb25hcnmiIiBfEA9OU0tleWVkQXJjaGl2ZXLRJidUcm9vdIABAAgAEQAaACMALQAyADcAQABGAE0AVQBgAGcAagBsAG4AcQBzAHUAdwCEAI4A9QD6AQIDjgOQA5UDoAOpA7cDuwPCA8sD0APdA+AD8gP1A/oAAAAAAAACAQAAAAAAAAAoAAAAAAAAAAAAAAAAAAAD/A==}}

@article{WMSnthHarmnoicnthDerivative,
	Author = {Kevin Duffin and Andrew James McGettrick and Walter Johnstone and George Stewart and David G. Moodie},
	Date-Added = {2016-11-30 20:38:33 +0000},
	Date-Modified = {2017-04-29 11:50:22 +0000},
	Journal = {JOURNAL OF LIGHTWAVE TECHNOLOGY},
	Keywords = {Calibration free, industrial processes, tunable- diode-laser spectroscopy (TDLS), wavelength-modulation spectroscopy (WMS)},
	Month = {10},
	Number = {10},
	Pages = {3114-3125},
	Read = {1},
	Title = {Tunable Diode-Laser Spectroscopy With Wavelength Modulation: A Calibration-Free Approach to the Recovery of Absolute Gas Absorption Line Shapes},
	Volume = {25},
	Year = {2007},
	Bdsk-File-1 = {YnBsaXN0MDDUAQIDBAUGJCVYJHZlcnNpb25YJG9iamVjdHNZJGFyY2hpdmVyVCR0b3ASAAGGoKgHCBMUFRYaIVUkbnVsbNMJCgsMDxJXTlMua2V5c1pOUy5vYmplY3RzViRjbGFzc6INDoACgAOiEBGABIAFgAdccmVsYXRpdmVQYXRoWWFsaWFzRGF0YV8QFC4uL21pc2MvMDQzNDY2MTAucGRm0hcLGBlXTlMuZGF0YU8RAYYAAAAAAYYAAgAAA1NTRAAAAAAAAAAAAAAAAAAAAAAAAAAAAAAAANS+YDJIKwAAAIcVfAwwNDM0NjYxMC5wZGYAAAAAAAAAAAAAAAAAAAAAAAAAAAAAAAAAAAAAAAAAAAAAAAAAAAAAAAAAAAAAAAAAAAAAhxqg1L9bzgAAAAAAAAAAAAEAAgAACSAAAAAAAAAAAAAAAAAAAAAEbWlzYwAQAAgAANS+UiIAAAARAAgAANS/Tb4AAAABABQAhxV8AIcEuwAGLXcABi12AAJm/QACAD9TU0Q6VXNlcnM6AE9saXZpZXI6AERvY3VtZW50czoAZGlzc2VydGF0aW9uOgBtaXNjOgAwNDM0NjYxMC5wZGYAAA4AGgAMADAANAAzADQANgA2ADEAMAAuAHAAZABmAA8ACAADAFMAUwBEABIANlVzZXJzL09saXZpZXIvRG9jdW1lbnRzL2Rpc3NlcnRhdGlvbi9taXNjLzA0MzQ2NjEwLnBkZgATAAEvAAAVAAIADv//AACABtIbHB0eWiRjbGFzc25hbWVYJGNsYXNzZXNdTlNNdXRhYmxlRGF0YaMdHyBWTlNEYXRhWE5TT2JqZWN00hscIiNcTlNEaWN0aW9uYXJ5oiIgXxAPTlNLZXllZEFyY2hpdmVy0SYnVHJvb3SAAQAIABEAGgAjAC0AMgA3AEAARgBNAFUAYABnAGoAbABuAHEAcwB1AHcAhACOAKUAqgCyAjwCPgJDAk4CVwJlAmkCcAJ5An4CiwKOAqACowKoAAAAAAAAAgEAAAAAAAAAKAAAAAAAAAAAAAAAAAAAAqo=}}

@misc{JFET-noise-chars,
	Annote = {Interesting discussion of different n-JFETs and their equivalent input noise voltage.},
	Author = {Dimitri Danyuk},
	Date-Added = {2016-11-20 19:54:52 +0000},
	Date-Modified = {2016-11-20 19:56:01 +0000},
	Howpublished = {\url{http://electronicdesign.com/power/measurements-rate-smt-low-voltage-n-jfets-under-consistent-conditions}},
	Month = {April},
	Read = {0},
	Title = {Measurements Rate SMT Low-Voltage n-JFETs Under Consistent Conditions},
	Year = {2013}}

@article{WMSMeasMethodology,
	Author = {Hejie Li and Gregory B. Rieker and Xiang Liu and Jay B. Jeffries and Ronald K. Hanson},
	Date-Added = {2016-11-02 15:57:05 +0000},
	Date-Modified = {2017-04-29 12:11:16 +0000},
	Journal = {Applied Optics},
	Month = {02},
	Number = {5},
	Title = {Extension of wavelength-modulation spectroscopy to large modulation depth for diode laser absorption measurements in high-pressure gases},
	Volume = {45},
	Year = {2006},
	Bdsk-File-1 = {YnBsaXN0MDDUAQIDBAUGJCVYJHZlcnNpb25YJG9iamVjdHNZJGFyY2hpdmVyVCR0b3ASAAGGoKgHCBMUFRYaIVUkbnVsbNMJCgsMDxJXTlMua2V5c1pOUy5vYmplY3RzViRjbGFzc6INDoACgAOiEBGABIAFgAdccmVsYXRpdmVQYXRoWWFsaWFzRGF0YV8Q0i4uL21pc2MvQXBwbGllZCBPcHRpY3MgVm9sdW1lIDQ1IGlzc3VlIDUgMjAwNiBbZG9pIDEwLjEzNjRfQU8uNDUuMDAxMDUyXSBMaSwgSGVqaWU7IFJpZWtlciwgR3JlZ29yeSBCLjsgTGl1LCBYaWFuZzsgSmVmZnJpZXMsIEpheSBCLjsgSGFuIC0tIEV4dGVuc2lvbiBvZiB3YXZlbGVuZ3RoLW1vZHVsYXRpb24gc3BlY3Ryb3Njb3B5IHRvIGxhcmdlIG1vZHVsYXRpLnBkZtIXCxgZV05TLmRhdGFPEQPSAAAAAAPSAAIAAANTU0QAAAAAAAAAAAAAAAAAAAAAAAAAAAAAAADUvmAySCsAAACHFXwfQXBwbGllZCBPcHRpY3MgVm9sdW0jODcxQUM1LnBkZgAAAAAAAAAAAAAAAAAAAAAAAAAAAAAAAAAAAAAAAAAAAIcaxdS/W84AAAAAAAAAAAABAAIAAAkgAAAAAAAAAAAAAAAAAAAABG1pc2MAEAAIAADUvlIiAAAAEQAIAADUv02+AAAAAQAUAIcVfACHBLsABi13AAYtdgACZv0AAgBSU1NEOlVzZXJzOgBPbGl2aWVyOgBEb2N1bWVudHM6AGRpc3NlcnRhdGlvbjoAbWlzYzoAQXBwbGllZCBPcHRpY3MgVm9sdW0jODcxQUM1LnBkZgAOAZYAygBBAHAAcABsAGkAZQBkACAATwBwAHQAaQBjAHMAIABWAG8AbAB1AG0AZQAgADQANQAgAGkAcwBzAHUAZQAgADUAIAAyADAAMAA2ACAAWwBkAG8AaQAgADEAMAAuADEAMwA2ADQAXwBBAE8ALgA0ADUALgAwADAAMQAwADUAMgBdACAATABpACwAIABIAGUAagBpAGUAOwAgAFIAaQBlAGsAZQByACwAIABHAHIAZQBnAG8AcgB5ACAAQgAuADsAIABMAGkAdQAsACAAWABpAGEAbgBnADsAIABKAGUAZgBmAHIAaQBlAHMALAAgAEoAYQB5ACAAQgAuADsAIABIAGEAbgAgAC0ALQAgAEUAeAB0AGUAbgBzAGkAbwBuACAAbwBmACAAdwBhAHYAZQBsAGUAbgBnAHQAaAAtAG0AbwBkAHUAbABhAHQAaQBvAG4AIABzAHAAZQBjAHQAcgBvAHMAYwBvAHAAeQAgAHQAbwAgAGwAYQByAGcAZQAgAG0AbwBkAHUAbABhAHQAaQAuAHAAZABmAA8ACAADAFMAUwBEABIA9FVzZXJzL09saXZpZXIvRG9jdW1lbnRzL2Rpc3NlcnRhdGlvbi9taXNjL0FwcGxpZWQgT3B0aWNzIFZvbHVtZSA0NSBpc3N1ZSA1IDIwMDYgW2RvaSAxMC4xMzY0X0FPLjQ1LjAwMTA1Ml0gTGksIEhlamllOyBSaWVrZXIsIEdyZWdvcnkgQi47IExpdSwgWGlhbmc7IEplZmZyaWVzLCBKYXkgQi47IEhhbiAtLSBFeHRlbnNpb24gb2Ygd2F2ZWxlbmd0aC1tb2R1bGF0aW9uIHNwZWN0cm9zY29weSB0byBsYXJnZSBtb2R1bGF0aS5wZGYAEwABLwAAFQACAA7//wAAgAbSGxwdHlokY2xhc3NuYW1lWCRjbGFzc2VzXU5TTXV0YWJsZURhdGGjHR8gVk5TRGF0YVhOU09iamVjdNIbHCIjXE5TRGljdGlvbmFyeaIiIF8QD05TS2V5ZWRBcmNoaXZlctEmJ1Ryb290gAEACAARABoAIwAtADIANwBAAEYATQBVAGAAZwBqAGwAbgBxAHMAdQB3AIQAjgFjAWgBcAVGBUgFTQVYBWEFbwVzBXoFgwWIBZUFmAWqBa0FsgAAAAAAAAIBAAAAAAAAACgAAAAAAAAAAAAAAAAAAAW0}}

@article{TDLASVelocity,
	Annote = {https://www.researchgate.net/publication/6579726_Evaluation_of_Tunable_Diode_Laser_Absorption_Spectroscopy_for_in-process_water_vapor_mass_flux_measurement_during_freeze_drying},
	Author = {Henning Gieseler and William Kessler and Michael Finson and Steven J Davis and Phillip A Mulhall and Vincent Bons and David J Debo and Michael J Pikal},
	Date-Added = {2016-11-01 18:12:04 +0000},
	Date-Modified = {2017-04-29 11:49:20 +0000},
	Journal = {Journal of Pharmaceutical Sciences},
	Month = {07},
	Number = {7},
	Title = {Evaluation of Tunable Diode Laser Absorption Spectroscopy for in-process water vapor mass flux measurement during freeze drying},
	Volume = {97},
	Year = {2007}}

@article{WMSTemperature,
	Author = {Zhechao Qu and Ramin Ghorbani and Damir Valiev and Florian M. Schmidt},
	Date-Added = {2016-11-01 18:11:57 +0000},
	Date-Modified = {2017-04-29 12:12:59 +0000},
	Journal = {Optics Express},
	Month = {06},
	Number = {12},
	Title = {Calibration-free scanned wavelength modulation spectroscopy -- application to H2O and temperature sensing in flames},
	Volume = {23},
	Year = {2015},
	Bdsk-File-1 = {YnBsaXN0MDDUAQIDBAUGJCVYJHZlcnNpb25YJG9iamVjdHNZJGFyY2hpdmVyVCR0b3ASAAGGoKgHCBMUFRYaIVUkbnVsbNMJCgsMDxJXTlMua2V5c1pOUy5vYmplY3RzViRjbGFzc6INDoACgAOiEBGABIAFgAdccmVsYXRpdmVQYXRoWWFsaWFzRGF0YV8QGi4uL21pc2Mvb2UtMjMtMTItMTY0OTIucGRm0hcLGBlXTlMuZGF0YU8RAZ4AAAAAAZ4AAgAAA1NTRAAAAAAAAAAAAAAAAAAAAAAAAAAAAAAAANS+YDJIKwAAAIcVfBJvZS0yMy0xMi0xNjQ5Mi5wZGYAAAAAAAAAAAAAAAAAAAAAAAAAAAAAAAAAAAAAAAAAAAAAAAAAAAAAAAAAAAAAhxsO1L9b5gAAAAAAAAAAAAEAAgAACSAAAAAAAAAAAAAAAAAAAAAEbWlzYwAQAAgAANS+UiIAAAARAAgAANS/TdYAAAABABQAhxV8AIcEuwAGLXcABi12AAJm/QACAEVTU0Q6VXNlcnM6AE9saXZpZXI6AERvY3VtZW50czoAZGlzc2VydGF0aW9uOgBtaXNjOgBvZS0yMy0xMi0xNjQ5Mi5wZGYAAA4AJgASAG8AZQAtADIAMwAtADEAMgAtADEANgA0ADkAMgAuAHAAZABmAA8ACAADAFMAUwBEABIAPFVzZXJzL09saXZpZXIvRG9jdW1lbnRzL2Rpc3NlcnRhdGlvbi9taXNjL29lLTIzLTEyLTE2NDkyLnBkZgATAAEvAAAVAAIADv//AACABtIbHB0eWiRjbGFzc25hbWVYJGNsYXNzZXNdTlNNdXRhYmxlRGF0YaMdHyBWTlNEYXRhWE5TT2JqZWN00hscIiNcTlNEaWN0aW9uYXJ5oiIgXxAPTlNLZXllZEFyY2hpdmVy0SYnVHJvb3SAAQAIABEAGgAjAC0AMgA3AEAARgBNAFUAYABnAGoAbABuAHEAcwB1AHcAhACOAKsAsAC4AloCXAJhAmwCdQKDAocCjgKXApwCqQKsAr4CwQLGAAAAAAAAAgEAAAAAAAAAKAAAAAAAAAAAAAAAAAAAAsg=}}

@article{OpticalGasSensingReview,
	Abstract = {The detection and measurement of gas concentrations using the characteristic optical absorption of the gas species is important for both understanding and monitoring a variety of phenomena from industrial processes to environmental change. This study reviews the field, covering several individual gas detection techniques including non-dispersive infrared, spectrophotometry, tunable diode laser spectroscopy and photoacoustic spectroscopy. We present the basis for each technique, recent developments in methods and performance limitations. The technology available to support this field, in terms of key components such as light sources and gas cells, has advanced rapidly in recent years and we discuss these new developments. Finally, we present a performance comparison of different techniques, taking data reported over the preceding decade, and draw conclusions from this benchmarking.},
	Annote = {http://iopscience.iop.org/article/10.1088/0957-0233/24/1/012004/meta;jsessionid=D015B2BA54FDCC5281FADA410BE694CF.c3.iopscience.cld.iop.org},
	Author = {Jane Hodgkinson and Ralph P Tatam},
	Date-Added = {2016-10-26 12:45:36 +0000},
	Date-Modified = {2016-10-26 12:50:05 +0000},
	Institution = {Department of Engineering Photonics, School of Engineering, Cranfield University, Cranfield, Bedfordshire MK43 0AL, UK},
	Journal = {Meas. Sci. Technol.},
	Number = {012004},
	Read = {1},
	Title = {Optical gas sensing: a review},
	Volume = {24},
	Year = {2013},
	Bdsk-File-1 = {YnBsaXN0MDDUAQIDBAUGJCVYJHZlcnNpb25YJG9iamVjdHNZJGFyY2hpdmVyVCR0b3ASAAGGoKgHCBMUFRYaIVUkbnVsbNMJCgsMDxJXTlMua2V5c1pOUy5vYmplY3RzViRjbGFzc6INDoACgAOiEBGABIAFgAdccmVsYXRpdmVQYXRoWWFsaWFzRGF0YV8QJy4uL21pc2MvT3B0aWNhbCBhcyBTZW5zaW5nIGEgUmV2aWV3LnBkZtIXCxgZV05TLmRhdGFPEQHSAAAAAAHSAAIAAANTU0QAAAAAAAAAAAAAAAAAAAAAAAAAAAAAAADUvmAySCsAAACHFXwfT3B0aWNhbCBhcyBTZW5zaW5nIGEgUmV2aWV3LnBkZgAAAAAAAAAAAAAAAAAAAAAAAAAAAAAAAAAAAAAAAAAAAIcbEdS/W+YAAAAAAAAAAAABAAIAAAkgAAAAAAAAAAAAAAAAAAAABG1pc2MAEAAIAADUvlIiAAAAEQAIAADUv03WAAAAAQAUAIcVfACHBLsABi13AAYtdgACZv0AAgBSU1NEOlVzZXJzOgBPbGl2aWVyOgBEb2N1bWVudHM6AGRpc3NlcnRhdGlvbjoAbWlzYzoAT3B0aWNhbCBhcyBTZW5zaW5nIGEgUmV2aWV3LnBkZgAOAEAAHwBPAHAAdABpAGMAYQBsACAAYQBzACAAUwBlAG4AcwBpAG4AZwAgAGEAIABSAGUAdgBpAGUAdwAuAHAAZABmAA8ACAADAFMAUwBEABIASVVzZXJzL09saXZpZXIvRG9jdW1lbnRzL2Rpc3NlcnRhdGlvbi9taXNjL09wdGljYWwgYXMgU2Vuc2luZyBhIFJldmlldy5wZGYAABMAAS8AABUAAgAO//8AAIAG0hscHR5aJGNsYXNzbmFtZVgkY2xhc3Nlc11OU011dGFibGVEYXRhox0fIFZOU0RhdGFYTlNPYmplY3TSGxwiI1xOU0RpY3Rpb25hcnmiIiBfEA9OU0tleWVkQXJjaGl2ZXLRJidUcm9vdIABAAgAEQAaACMALQAyADcAQABGAE0AVQBgAGcAagBsAG4AcQBzAHUAdwCEAI4AuAC9AMUCmwKdAqICrQK2AsQCyALPAtgC3QLqAu0C/wMCAwcAAAAAAAACAQAAAAAAAAAoAAAAAAAAAAAAAAAAAAADCQ==}}

@mastersthesis{RiekerDissertation,
	Author = {Gregory Brian Rieker},
	Date-Added = {2016-09-29 17:35:28 +0000},
	Date-Modified = {2017-04-29 11:50:32 +0000},
	Month = {05},
	School = {Stanford University},
	Title = {Wavelength-modulation Spectroscopy for Measurements of Gas Temperature and Concentration in Harsh Environments},
	Year = {2006},
	Bdsk-File-1 = {YnBsaXN0MDDUAQIDBAUGJCVYJHZlcnNpb25YJG9iamVjdHNZJGFyY2hpdmVyVCR0b3ASAAGGoKgHCBMUFRYaIVUkbnVsbNMJCgsMDxJXTlMua2V5c1pOUy5vYmplY3RzViRjbGFzc6INDoACgAOiEBGABIAFgAdccmVsYXRpdmVQYXRoWWFsaWFzRGF0YV8QJC4uL21pc2MvUmlla2VyXzIwMDktRGlzc2VydGF0aW9uLnBkZtIXCxgZV05TLmRhdGFPEQHGAAAAAAHGAAIAAANTU0QAAAAAAAAAAAAAAAAAAAAAAAAAAAAAAADUvmAySCsAAACHFXwcUmlla2VyXzIwMDktRGlzc2VydGF0aW9uLnBkZgAAAAAAAAAAAAAAAAAAAAAAAAAAAAAAAAAAAAAAAAAAAAAAAIcbFNS/W+YAAAAAAAAAAAABAAIAAAkgAAAAAAAAAAAAAAAAAAAABG1pc2MAEAAIAADUvlIiAAAAEQAIAADUv03WAAAAAQAUAIcVfACHBLsABi13AAYtdgACZv0AAgBPU1NEOlVzZXJzOgBPbGl2aWVyOgBEb2N1bWVudHM6AGRpc3NlcnRhdGlvbjoAbWlzYzoAUmlla2VyXzIwMDktRGlzc2VydGF0aW9uLnBkZgAADgA6ABwAUgBpAGUAawBlAHIAXwAyADAAMAA5AC0ARABpAHMAcwBlAHIAdABhAHQAaQBvAG4ALgBwAGQAZgAPAAgAAwBTAFMARAASAEZVc2Vycy9PbGl2aWVyL0RvY3VtZW50cy9kaXNzZXJ0YXRpb24vbWlzYy9SaWVrZXJfMjAwOS1EaXNzZXJ0YXRpb24ucGRmABMAAS8AABUAAgAO//8AAIAG0hscHR5aJGNsYXNzbmFtZVgkY2xhc3Nlc11OU011dGFibGVEYXRhox0fIFZOU0RhdGFYTlNPYmplY3TSGxwiI1xOU0RpY3Rpb25hcnmiIiBfEA9OU0tleWVkQXJjaGl2ZXLRJidUcm9vdIABAAgAEQAaACMALQAyADcAQABGAE0AVQBgAGcAagBsAG4AcQBzAHUAdwCEAI4AtQC6AMICjAKOApMCngKnArUCuQLAAskCzgLbAt4C8ALzAvgAAAAAAAACAQAAAAAAAAAoAAAAAAAAAAAAAAAAAAAC+g==}}
